3104 5070
311 595 383 710 jam
404 617 493 688 edito
510 573 625 686 adbuc
646 637 712 686 nou
733 616 957 702 absolutum,
985 634 1103 686 ornnes
1129 617 1272 685 conatus
1299 613 1334 684 id
1363 625 1422 684 re·

261 759 265 764 ·
316 719 482 797 movendi,
513 725 573 786 aut
597 717 770 805 ligaturam
797 717 934 788 funiculi
957 715 1101 787 umbilic.
1125 719 1333 804 praemature
1353 734 1421 802 ap·

318 819 462 907 plicandi
484 817 582 888 ualde
603 825 698 888 rotat
717 817 841 886 noster.

402 1153 553 1222 cAPu'r
572 1151 684 1220 xvrr.
704 1216 707 1222 ,
728 1157 782 1221 ue
801 1155 919 1221 acerra
942 1153 1089 1220 umor
1105 1162 1139 1217 et
1158 1135 1337 1236 remor?
1366 1187 1370 1194 .

403 1304 609 1392 Hippocrate
630 1311 766 1374 auctore
788 1283 940 1388 feminas,
967 1323 1054 1392 qnae
1080 1302 1246 1370 modicum
1258 1299 1420 1396 ‚habeant

180 1463 192 1474 .
319 1426 455 1490 corpus,
476 1411 616 1476 maxime
637 1405 788 1482 abortum
802 1405 992 1476 bimestrem
1006 1410 1041 1471 et
1054 1406 1253 1472 trimestrem
1267 1405 1415 1490 perpeti.

317 1503 444 1573 Earum
466 1507 551 1574 enim
573 1506 792 1594 cotyledoues
812 1527 910 1574 muco
938 1507 1036 1574 nimis
1065 1503 1291 1574 accumulatas
1319 1521 1417 1586 esse,

101 1607 107 1616 '
242 1685 246 1694 ¹
319 1607 442 1691 quibus
463 1608 576 1674 foetus
597 1629 663 1675 nun
684 1611 892 1674 contineatur
912 1607 977 1674 sed
997 1608 1220 1696 abrumpatur.
1261 1604 1416 1672 medica-

318 1709 407 1773 mina
433 1709 584 1794 pituitam
611 1709 785 1791 ducentia,
822 1708 917 1796 pessi
945 1727 989 1774 ex
1022 1699 1256 1794 colocynthide
1273 1707 1414 1790 parati,

318 1808 438 1974 miz
447 1807 662 1993 ¹›calefacicos
695 1813 732 1928 et
758 1809 913 1885 siccans,
947 1807 1120 1874 frictiones
1147 1816 1214 1874 etc.
1247 1826 1415 1942 commen-

764 2035 957 2046 *-

353 2187 503 2261 CAPUT
523 2190 643 2260 XVlll.
691 2190 788 2279 Quae
806 2194 902 2282 eipso
922 2192 1039 2279 partui
1058 2187 1201 2256 nurmali
1219 2213 1373 2280 praepra-

789 2293 938 2357 dicutur.

403 2433 502 2509 Circa
531 2403 720 2527 septimum,
757 2460 878 2506 nouum
913 2445 972 2506 aut
1007 2439 1169 2506 decimum
1201 2440 1412 2526 graviditatis

318 2557 467 2607 mensem
501 2543 699 2630 gravitatem
736 2539 945 2626 hypogastrii
979 2544 1015 2606 et
1049 2540 1238 2628 cpigastrii‚
1275 2559 1413 2608 sensum
1538 2577 1539 2592 ι

318 2645 469 2706 urentem
490 2639 697 2724 inpartibus
718 2637 932 2728 genitalibus,
955 2637 1104 2707 dolorem
1125 2641 1159 2704 in
1172 2641 1307 2726 regione
1327 2637 1411 2706 lum·
1538 2657 1539 2660 ’

318 2735 387 2804 bali
412 2743 449 2804 et
470 2737 581 2804 coxali
604 2753 639 2807 et
653 2742 687 2806 in
708 2738 860 2810 omnibus
881 2737 1032 2826 partibus
1047 2746 1141 2808 utero
1156 2736 1411 2826 subjacentibus

318 2855 341 2904 a
361 2834 492 2904 feminis
513 2840 680 2906 accusari.
723 2838 863 2908 Uterum
884 2837 997 2926 aliqua,
1016 2859 1060 2905 ex
1080 2843 1175 2924 parte
1190 2831 1408 2914 descendere,

318 2934 366 3000 ita
387 2942 425 3003 ut
445 2937 613 3006 obstetrix
632 2937 730 3008 facile
752 2961 828 3008 eum
849 2945 987 3024 tangere
1008 2935 1129 3022 valeat,
1150 2935 1311 3003 orificium
1326 2938 1411 3006 uteri

318 3033 444 3102 distare
471 3042 507 3104 ct
532 3045 683 3125 apertum
712 3042 839 3122 esse.¹)
883 3039 983 3104 Parta
1019 3058 1099 3104 vero
1126 3036 1411 3124 appropinquante

317 3135 473 3219 pendam
492 3139 717 3206 intumescere
737 3145 774 3206 et
793 3144 978 3204 tenesmum
997 3139 1111 3204 urinae
1131 3139 1273 3213 intrarer
1305 3135 1411 3224 liquo·

318 3253 387 3299 rem
408 3235 544 3302 effluere
564 3258 586 3303 e
605 3233 804 3322 genitalibus
818 3236 1011 3323 plerumque
1026 3240 1294 3324 sanguineum),
1315 3237 1410 3303 vasis

191 3417 194 3424 Ι
231 3337 236 3344 ’
319 3329 424 3398 chorii
443 3333 602 3401 tenuibus
623 3337 741 3419 ruptis.
785 3335 901 3422 Digito
921 3337 1068 3404 immisso
1088 3341 1249 3404 tumorem
1269 3338 1411 3406 circnm-

318 3434 480 3528 scriptum
501 3453 566 3502 ovo
586 3433 725 3503 similem
746 3438 971 3520 occurrere4)·

323 3591 523 3607 Μ

404 3685 437 3748 1.
482 3681 608 3750 Tutum
631 3687 692 3752 boc
714 3698 811 3776 caput
832 3687 873 3751 ad
894 3687 1031 3752 verbum
1052 3685 1153 3750 latine
1174 3683 1336 3750 redditum
1360 3683 1410 3748 iu·

318 3766 394 3829 veni
422 3770 508 3854 apud
531 3770 673 3832 Aetium.
699 3769 884 3837 Tetrabibl.
906 3769 966 3837 lv.
994 3769 1099 3837 Scrm.
1120 3767 1182 3834 lv.
1215 3791 1289 3852 cap.
1310 3767 1408 3852 xxi,

320 3849 480 3940 Aspasiae
502 3851 713 3940 adscriptum.
1428 3925 1433 3930 ,

401 3935 434 4000 2.
477 3934 546 4019 Qui
566 3935 659 4001 locus
681 3937 876 4003 documento
899 3957 971 4002 esse
994 3945 1116 4023 potest,
1151 3933 1409 4023 explorationem

222 4059 227 4068 -
318 4017 502 4163 intonalem
519 4017 590 4104 jam
617 4021 795 4088 multifarie
811 4023 852 4086 ab
875 4021 1109 4088 obstetricibus
1130 4019 1296 4086 veteribus
1317 4019 1411 4084 insti·

334 4122 354 4163 u
370 4124 420 4167 am
443 4125 527 4167 esse.
1335 4125 1339 4132 ’

401 4186 436 4249 5.
480 4184 599 4251 Nonne
628 4187 692 4252 boc
724 4187 856 4274 signum
886 4186 973 4254 idem
1000 4197 1069 4268 est,
1106 4185 1193 4274 qnod
1230 4207 1292 4252 nus
1330 4203 1410 4252 voce
1457 4191 1465 4198 “

318 4263 542 4350 „Zeicbucn“
565 4271 593 4333 si
619 4269 799 4344 uideamus.

400 4353 433 4420 4.
475 4350 573 4420 cont.
636 4356 728 4423 oseb.
752 4376 825 4443 cap.
849 4351 907 4420 44.
928 4373 962 4442 p.
985 4349 1064 4420 450.
1120 4451 1125 4458 Ι

760 4531 959 4544 m
