3104 5070
912 246 917 253 ,
1082 239 1086 249 L

750 363 790 376 —n
835 328 860 390 2
905 359 946 373 ⁸·OE

203 517 210 528 '
257 573 263 580 .
296 523 454 594 ναικείων
476 509 691 610 acroam).
746 507 819 602 Oui
846 509 985 610 quidem
1018 513 1074 585 vir
1107 512 1262 591 suminus
1291 535 1398 611 quum

269 639 376 738 ¹jam»
401 640 502 708 antea
533 628 753 706 clarissimus
792 633 945 727 artisque
969 617 1124 707 ‚nostrae
1163 632 1401 726 peritissimus
1525 615 1526 622 ἵ

235 782 238 786 ’
300 749 362 825 rel
396 775 444 823 ex
481 749 703 847 paucissimis
735 744 822 843 illis,
858 769 947 844 quae
980 748 1110 841 passim
1138 746 1230 846 apud
1255 757 1401 823 vetares
1525 847 1526 852 Ἰ

291 860 517 964 Ἰοςθὴαηὶιιι·,
538 864 747 962 ¹haberetur,
781 859 847 948 hoc
881 871 993 937 tamen
1028 861 1151 971 libello
1185 886 1253 937 non
1280 861 1397 939 solum

300 983 366 1066 illa
399 981 505 1059 laude
540 979 798 1077 dignissimum,
822 979 894 1054 sed
928 982 1030 1054 ctiam
1061 984 1210 1055 onmium
1239 993 1397 1056 ueterum

300 1104 493 1200 principem
524 1101 680 1194 artisque
712 1098 811 1194 quasi
847 1089 1024 1172 'auctorem
1061 1089 1278 1172 statuendum
1314 1122 1398 1172 esse

257 1211 259 1214 ’
301 1226 456 1326 apparet.
508 1211 612 1291 Nihil
637 1216 742 1312 igitur
773 1213 865 1318 mihi,
897 1211 1215 1314 dissertatimrcm'
1204 1239 1397 1330 margar-a

199 1381 203 1393 ·
301 1332 373 1408 iem
401 1327 651 1432 conscripturo,
685 1334 818 1425 gratius
845 1335 955 1424 potuit
983 1334 1196 1428 contingere,
1231 1356 1332 1430 quam
1360 1344 1398 1406 ut

303 1450 629 1549 experientissimus
654 1447 721 1520 Dr.
747 1447 934 1522 Davidson
967 1471 1033 1544 qua
1060 1451 1150 1521 est
1140 1472 1174 1521 rn
1189 1473 1258 1530 me
1284 1449 1398 1522 bene-

302 1567 458 1646 volentia
478 1570 591 1668 ipsum
611 1565 702 1640 hunc
724 1562 859 1638 librum.
873 1563 916 1638 ad
937 1586 1040 1661 nova,
1067 1589 1157 1662 quae
1178 1568 1292 1662 insint,
1314 1589 1400 1660 par-

304 1683 489 1782 scrutanda
518 1693 621 1778 atque
646 1704 708 1777 pro
734 1683 869 1756 viribus
888 1679 1095 1756 illustranda
1109 1683 1197 1758 mihi
1217 1706 1397 1758 commen·

303 1801 415 1886 daret.
469 1793 684 1889 Quaerere
712 1797 965 1910 etoujusmodi
993 1803 1071 1893 sint,
1100 1822 1204 1898 spero
1232 1785 1399 1900 teLB.

198 1897 201 1909 ’
305 1943 354 1992 ex
379 1917 445 1992 hac
471 1912 775 1990 dissertatiuncula
797 1939 874 1988 mea
897 1939 979 1990 esse
999 1925 1274 2014 perspecturum.
1308 1891 1398 1992 Jam

305 2057 521 2130 veroquam
550 2037 714 2130 majorem
742 2035 860 2130 operis
885 2043 1017 2130 partem
1047 2023 1290 2134 confecissem,
1319 2032 1399 2108 cia·
1448 2018 1453 2023 ’

202 2227 204 2238 ,
304 2143 437 2228 nissimi
463 2151 563 2224 Proi.
591 2147 743 2223 Haesori
771 2173 991 2246 programma
1007 2147 1085 2246 -„de
1109 2145 1249 2227 Sorano
1272 2151 1399 2247 Ephe·

116 2242 119 2254 ,
196 2283 201 2300 '
308 2271 363 2342 sio
396 2262 489 2338 atc.“
531 2274 711 2360 acceptum
751 2288 860 2361 paene
901 2265 1114 2350 aoonsilio
1148 2253 1312 2362 suscepto
1345 2289 1400 2340 me

295 2381 490 2466 deterruit.
546 2376 652 2472 Quod
684 2403 770 2454 vero
804 2404 906 2477 quum
934 2373 1132 2456 accuratius
1159 2378 1398 2482 perlegissem,

307 2498 402 2573 lraud
415 2500 542 2592 inveni,
562 2520 624 2570 cur
639 2519 727 2593 quae
739 2485 1036 2596 jam‘inceperam,
1050 2501 1188 2594 proprio
1202 2483 1320 2572 Marte
1335 2523 1402 2588 non

309 2620 673 2709 continuarematque
699 2612 932 2687 absolverem.
984 2615 1229 2712 Proponuntur
1255 2639 1341 2698 vero
1368 2619 1401 2690 in

309 2733 378 2807 lrac
394 2755 471 2806 mea
495 2725 742 2804 dissertatione
762 2727 848 2804 haec
866 2729 955 2828 sola,
975 2755 1063 2828 quae
1079 2756 1098 2804 a
1115 2727 1254 2809 Sorano
1268 2729 1313 2806 de
1329 2743 1402 2827 arte
1525 2773 1526 2826 p

310 2851 513 2926 obstetricia
544 2853 749 2943 tractantur,
776 2850 938 2932 omnibus
964 2846 1043 2921 aliis
1069 2851 1230 2946 omissis,
1257 2859 1403 2946 quaeat
1433 2909 1441 2916 .
1525 2907 1526 2952 ,

78 3049 80 3056 y
311 2966 405 3064 apud
431 2965 579 3040 Aetium
614 2963 787 3060 leguntur.
841 2959 922 3053 Quo
957 2973 1070 3040 autern
1103 2962 1235 3049 clarius
1269 2953 1401 3042 summa
1525 3003 1526 3006 ¹

83 3115 87 3125 ·
189 3171 193 3184 Ι
310 3079 442 3193 Sorani
469 3083 579 3156 nostri
605 3103 689 3177 prae
715 3077 861 3180 reliquis
887 3084 1046 3157 omnibus
1072 3084 1254 3157 veteribus
1278 3085 1402 3156 obste-
1449 3101 1450 3106 ’

312 3200 518 3272 tricantibns
544 3207 795 3292 cognoscantur
821 3203 956 3295 merita,
988 3224 1055 3274 non
1074 3222 1105 3292 ,a
1131 3223 1170 3273 re
1196 3213 1278 3272 esse
1306 3199 1402 3298 duxi,

307 3305 441 3412 'cuique
462 3317 563 3412 capiti
589 3317 762 3409 gravioris
781 3319 974 3412 argumenti
989 3307 1318 3390 'commentationem
1346 3317 1403 3392 hi-

231 3469 237 3480 ι
314 3436 480 3504 storicarn
514 3430 677 3538 adjicere.
729 3429 834 3506 Haud
868 3435 943 3505 sine
975 3429 1100 3508 labore
1134 3441 1170 3504 et
1201 3428 1404 3519 assiduitate

313 3547 402 3622 hanc
428 3570 500 3621 rem
521 3570 578 3621 me
603 3557 838 3643 pertractasse
864 3551 941 3644 ipse
968 3547 1154 3647 confiteor,
1178 3548 1265 3644 'quid
1292 3559 1404 3623 autom

314 3666 370 3759 sit,
402 3663 494 3762 quod
522 3663 739 3762 profecerim,
771 3663 917 3739 aliorum
945 3667 990 3738 sit
1011 3662 1192 3760 judicium·
1253 3751 1255 3758 y

400 3897 435 3974 i)
478 3895 542 3956 Duo
571 3911 636 3958 sunt
665 3897 784 3958 Codices
806 3899 967 3972 Soraniani,
1000 3899 1073 3959 aiter
1094 3898 1261 3960 Parisiensis
1295 3900 1402 3982 (2155,

315 3979 499 4055 chartaceus,
533 3982 621 4042 forme
651 3995 742 4068 quoru.
773 3985 876 4044 saecuti
898 3985 983 4044 XV..
1004 3983 1067 4042 inde
1095 3983 1186 4041 aioi.
1210 3985 1303 4063 2i8),
1333 3986 1406 4043 alter

313 4064 468 4210 Ronplanus,
488 4025 661 4142 itarberious
662 4059 764 4147 (auu,
783 4068 963 4140 chartaceus
983 4069 1203 4142 formooctava,
1222 4066 1405 4146 sec.XV1.)
1477 4081 1480 4092 ¹

313 4166 376 4210 men
396 4169 472 4211 osus.
