3104 5070
613 381 615 389 ι

159 641 398 708 Parturieutem
420 645 452 708 in
475 641 563 708 lecto
586 646 736 728 supinam
755 645 872 728 jacere
890 649 927 709 et
949 641 1121 724 declivem,
1153 654 1253 716 cruri·

159 739 223 806 bus
246 742 450 825 divaricatis,
475 741 685 830 pedibusque
705 743 840 810 natibus
862 747 1033 828 attractis3
1055 749 1088 813 in
1110 754 1252 836 utroquo

89 907 92 913 ,
158 830 235 933 ejus
257 841 361 908 latere
383 845 524 910 feminas
543 846 668 928 paritas
690 851 724 910 et
746 844 903 910 robustas
931 845 974 911 ad
996 848 1177 931 parientem
1198 871 1254 917 su-

159 941 371 1007 stentandam
392 942 651 1029 adstare,=quae
672 948 702 1010 si
723 967 788 1010 non
810 945 931 1027 adsint,
953 946 1087 1013 vinculo
1110 951 1254 1036 quodam

158 1031 392 1126 parturientem
415 1044 505 1112 lecto
528 1065 607 1110 esse
630 1043 836 1130 alligandam,
870 1065 913 1110 nc
941 1067 1042 1132 quum
1070 1043 1254 1119 tractiones
1372 1046 1375 1053 ¹

26 1187 29 1194 .
108 1175 112 1182 ·
159 1142 193 1206 in
215 1141 455 1238 embryotcmia
478 1143 832 1229 peragantur,.mulier
857 1155 921 1210 uiua
953 1167 1027 1211 cum
1057 1150 1149 1215 foetu
1178 1173 1251 1236 pro·

154 1241 312 1308 trabatur.
354 1245 509 1311 Medicus
531 1243 641 1310 locum
663 1242 865 1330 aliquantum
887 1243 1089 1313 humiliorem
1105 1258 1252 1336 occupet

152 1345 239 1408 inter
256 1345 397 1409 feminac
418 1347 554 1426 femora,
582 1351 650 1414 tum
675 1367 804 1410 uranum
827 1348 994 1411 sinistram
1016 1353 1249 1430 acuminatam,

134 1443 229 1512 ‚olco
260 1445 429 1510 inunctam
456 1448 489 1511 in
522 1449 839 1530 uterum-immittat,
872 1450 902 1511 si
930 1447 1062 1534 quidem
1091 1447 1251 1516 orificium

153 1551 273 1627 sponte
296 1548 342 1610 sit
363 1553 511 1630 apertum
519 1566 528 1626 ;
564 1545 654 1630 quod
677 1535 709 1610 si
728 1553 838 1610 autern
859 1566 924 1610 non
947 1551 1011 1628 sit,
1048 1547 1173 1616 oleosis
1200 1554 1251 1617 iu·

150 1643 355 1724 jectionibus
392 1646 653 1710 contractionem
689 1665 771 1712 csse
804 1647 1036 1729 superandam.
1095 1650 1180 1716 'llum
1217 1654 1251 1716 in

154 1739 246 1804 foetu
283 1741 377 1806 locus
409 1742 657 1833 elipantum-qui
692 1743 883 1828 embrpulco
921 1746 1019 1810 facile
1053 1750 1249 1830 perforetur.

108 1871 118 1882 ν
152 1838 254 1905 'l'ales
269 1839 366 1905 locos
379 1860 477 1906 esse:
495 1838 624 1920 oculos,
641 1857 692 1916 os,
703 1839 908 1920 claviculam,
920 1847 1126 1927 praecordia,
1138 1846 1248 1916 locum
1315 1915 1318 1922 ,

1 1981 8 1990 =
41 1951 42 1954 ’
80 2005 86 2013 ,
153 1960 254 2026 supra
267 1941 399 2030 pubem,
422 1924 502 2024 etc,
525 1941 586 2006 sed
601 1935 689 2004 nullo
705 1939 802 2004 modo
826 1940 956 2006 axillam
979 1948 1012 2007 et
1026 1942 1169 2012 meatum
1192 1971 1248 2014 au·

153 2041 327 2117 ditonum
358 2043 388 2106 si
409 2029 519 2108 autem
541 2039 650 2106 nullus
672 2061 785 2106 eorum
813 2043 1015 2120 inveniatur,
1040 2043 1138 2110 alium
1167 2069 1247 2132 qua-

152 2138 349 2228 lemcunque
371 2163 451 2209 esse
473 2140 718 2228 perforandum.
1072 2129 1077 2139 ⁴

226 2254 469 2344 'Operationem
484 2261 590 2344 ipsam
606 2260 656 2324 sic
672 2279 751 2325 esse
768 2259 1000 2344 peragendam.
1044 2257 1246 2327 lustramen-

149 2366 218 2426 tum
240 2362 442 2441 tractorium,
466 2355 759 2446 (Ἐμβρυοῦλκος)
782 2358 856 2425 oleo
879 2359 989 2427 calido
1011 2360 1126 2433 illitum
1148 2385 1245 2429 manu
1323 2357 1329 2364 ’

151 2461 269 2526 dextra
290 2466 454 2543 tencatur,
477 2461 620 2545 ejusque
642 2468 819 2526 curvatura
843 2450 1004 2547 (κάμπη,
1033 2465 1174 2528 uncinus
1202 2464 1245 2528 ab

148 2561 249 2625 Aetio
272 2557 440 2642 translat.)
462 2559 575 2644 digitis
598 2559 733 2626 obtecta
755 2563 889 2638 sinistra
905 2584 1002 2627 mauu
1017 2563 1246 2631 introducatur

115 2681 117 2686 ’
148 2667 182 2725 ct
203 2660 267 2726 illis
290 2659 374 2752 locis
396 2666 466 2748 jam
495 2680 595 2746 supra
625 2664 900 2736 commemoratis,
930 2661 1091 2748 infigatur.
1136 2665 1245 2732 Simul

147 2767 258 2828 autem
286 2760 425 2828 altorum
454 2763 705 2828 instrumentum
740 2763 782 2826 ad
813 2760 910 2826 alium
944 2767 1093 2849 corporis
1121 2763 1243 2844 locum,

82 2939 87 2944 ἣ
146 2864 248 2946 priori
276 2867 467 2946 oppositum
495 2883 573 2928 esse
597 2861 839 2946 applicandum,
870 2853 908 2924 ut
935 2868 1065 2930 tractus
1095 2873 1187 2930 recta
1210 2875 1245 2932 et
1356 2941 1360 2945 ,

146 2981 214 3030 nou
241 2959 381 3052 obliqua
405 2959 617 3045 perficiantur
645 2959 839 3023 directione.
884 2959 970 3022 Tum
997 2963 1030 3024 vi
1052 2963 1182 3047 aequali
1210 2974 1252 3032 et
1317 2957 1319 2960 ’

146 3061 285 3126 assiduo
301 3062 509 3128 ,tractionem
537 3079 615 3124 esse
643 3057 860 3137 faciendam,
882 3057 984 3142 digito
1013 3059 1131 3126 dextre
1160 3066 1246 3130 iuter
1359 3102 1361 3112 ·

64 3209 71 3216 .
144 3161 231 3226 uteri
263 3157 420 3225 orificium
456 3163 491 3226 et
523 3164 651 3244 partem
687 3160 836 3242 corporis
871 3157 1005 3223 infantis
1034 3163 1181 3226 immisso
1209 3157 1268 3231 ct‘

146 3256 385 3326 circumducto.
444 3257 484 3325 Si
506 3257 642 3342 embryo
672 3277 738 3324 nou
774 3261 839 3322 un'o
874 3263 983 3323 tractu
1019 3261 1240 3346 protrahatur,

145 3353 208 3426 scd
231 3357 398 3446 paullatim
420 3365 559 3440 tantum,
581 3359 705 3442 primus
728 3356 942 3444 errrbryulcus
964 3361 996 3422 iu
1018 3358 1125 3426 locum
1142 3383 1242 3446 supra

140 3463 309 3546 jacentem
337 3459 535 3548 applicetur,
564 3459 799 3525 eodemmodo
822 3461 919 3524 etiam
942 3459 1111 3526 secundus
1134 3483 1241 3548 usque
1343 3539 1345 3547 .

145 3563 187 3626 ad
211 3562 393 3646 perfectam
415 3562 549 3627 infantis
572 3561 822 3626 extructionem.
866 3558 977 3624 Pedes
999 3567 1177 3643 protensos
1196 3564 1241 3626 si·

144 3660 210 3724 mili
232 3662 347 3742 modo,
378 3683 479 3747 quum
508 3667 630 3742 corpus
660 3658 819 3746 reliquum
848 3662 1010 3744 consequi
1030 3680 1096 3724 uon
1118 3665 1240 3746 possit,

145 3757 188 3822 ab
210 3761 399 3844 inguinibus
422 3781 500 3828 esse
528 3761 744 3826 resecandos.
790 3758 933 3825 Bracbio
959 3780 1041 3826 vero
1070 3769 1240 3847 protenso,
1322 3773 1330 3782 '

143 3839 233 3922 laune
255 3860 319 3922 nisi
341 3863 385 3924 sit
407 3861 637 3943 reponendus,
659 3866 717 3925 aut
738 3861 769 3924 si
789 3859 901 3948 foetus
920 3859 989 3943 jam
1011 3868 1160 3927 mortuus
1180 3866 1238 3940 sit,

145 3955 189 4022 ab
217 3956 353 4023 humero
386 3957 593 4025 resicandum
622 3977 711 4023 csse.
757 3957 929 4024 Ambobus
956 3969 1065 4026 autem
1096 3961 1240 4030 brachiis

144 4244 270 4328 statuit,
293 4243 345 4308 bis
368 4266 452 4332 quse
475 4252 658 4332 sequuntur
678 4244 804 4311 verbis:
842 4245 927 4327 „ubi
955 4249 1108 4336 concepit
1129 4258 1237 4312 autem

145 4331 269 4431 aliqua,
289 4330 318 4393 si
338 4329 408 4415 jaro
433 4352 537 4417 prope
559 4339 705 4392 maturus
728 4331 818 4394 intus
841 4342 1009 4396 emortuus
1031 4344 1100 4406 est,
1130 4353 1239 4418 neque

145 4413 295 4478 excudere
319 4425 437 4500 potest,
461 4411 646 4478 adhibenda
673 4415 798 4480 curatio
830 4419 920 4481 est.“
963 4416 1038 4480 Lib.
1061 4413 1133 4480 Vll.
1165 4439 1237 4504 cap.

59 4501 63 4507 “
144 4497 200 4562 illl.
225 4498 864 4586 -coniurrj.dirsrrr.rrp.-111.-
903 4582 915 4592 .
