3104 5070
755 332 1029 430 -rs-'

316 546 385 612 tiva
414 548 452 610 ut
473 544 580 630 turpia
603 544 770 632 rejiciant,
792 544 848 630 qni
870 549 981 611 lamen
1002 541 1067 630 ipsi
1089 539 1152 608 alia
1174 541 1297 613 loetum
1313 563 1428 612 remo·

298 644 420 736 ‘vendi
443 644 607 721 remedia,
642 634 779 732 ἐκβόλια
801 647 985 723 nominata,
1017 646 1286 729 (conquassatio,
1309 643 1424 712 soltu's

318 752 403 824 etc.)
426 746 668 812 commendent.
685 781 735 804 .—
762 745 810 813 Ut
832 744 1031 812 concubitus
1053 745 1273 812 infoecundus
1300 745 1426 812 redda-

316 853 380 927 tur,
404 845 494 912 baec¹
511 843 664 912 Soranus
686 847 858 932 praecipit.
887 845 1005 912 Manita
1028 867 1094 934 quo
1117 841 1282 912 momento
1304 867 1427 914 semen
1500 920 1508 932 ἱ

313 948 420 1015 mariti
443 945 622 1030 effluxerit,
645 949 862 1036 respiratione
884 965 1061 1030 repressa,
1086 948 1234 1032 seipsam
1256 946 1448 1029 retrahat„

315 1069 359 1116 ne
386 1065 502 1112 semen
523 1049 712 1114 iustarum
740 1048 861 1126 intret,
900 1045 976 1111 dein
1009 1051 1171 1134 exsurgat
1197 1045 1427 1134 genubusque

317 1149 465 1214 curvatis
486 1147 619 1214 sedeat.
661 1146 767 1214 Multa
795 1152 967 1233 praeterea
989 1146 1135 1212 remedia
1164 1148 1423 1234 conceptionem

318 1249 531 1333 impedientia
547 1254 794 1314 enumerantur:
816 1247 1026 1312 inunctiones
1042 1245 1157 1314 orifioii
1172 1247 1255 1313 uteri
1271 1265 1315 1313 ex
1330 1247 1423 1328 oleo,

317 1354 377 1413 aut
398 1346 506 1432 melle,
529 1355 587 1414 aut
609 1333 730 1425 cedria,
749 1345 1045 1431 autopobalsamo,
1070 1369 1144 1415 cum
1160 1345 1325 1413 absinthio
1342 1365 1424 1412 con-

50 1483 57 1494 ·
189 1527 193 1538 ¹
315 1449 426 1538 junct.
452 1488 489 1500 -
515 1447 602 1515 aliod
634 1449 830 1514 remedium:
866 1448 1042 1533 galbanum
1073 1469 1148 1514 cum
1178 1451 1255 1514 vino
1285 1455 1320 1514 et
1346 1446 1425 1514 lana

317 1547 409 1616 molli
430 1552 463 1614 in
485 1551 570 1614 uteri
592 1547 717 1615 orificio
739 1550 980 1633 imponendum.
1026 1545 1126 1614 Pessi
1146 1569 1191 1615 ex
1212 1547 1425 1634 adstringe&

320 1643 411 1716 tibus'
434 1652 559 1734 parati,
593 1651 650 1736 qui
678 1659 755 1715 ante
778 1648 991 1715 concubitum
1012 1651 1045 1715 in
1062 1651 1158 1739 'uteri
1180 1647 1339 1714 orificium
1362 1651 1425 1712 irn-

318 1753 502 1832 mittantur,
525 1763 561 1815 ut
584 1750 647 1816 hoc
670 1747 860 1826 claudatur3
893 1739 1116 1817 secundave!
1139 1751 1252 1836 quinta
1272 1747 1355 1816 bora
1375 1747 1422 1815 illi

323 1859 565 1918 removeantur.
591 1849 742 1916 —aliud
766 1850 886 1915 remed.
910 1851 979 1916 rad.
1003 1851 1159 1933 Parracis,
1182 1847 1268 1916 terra
1291 1848 1423 1916 cimolia

320 1973 395 2017 cum
418 1955 493 2034 vino
517 1953 610 2032 trita,
632 1952 665 2016 in
688 1955 772 2016 uteri
795 1951 954 2018 orificium
976 1954 1116 2017 immiso.
1138 1987 1182 2000 -
1203 1949 1310 2016 aliud:
1344 1949 1422 2016 mali

260 2053 263 2059 ’
319 2053 449 2134 Punici,
470 2049 576 2138 gallae
598 2053 746 2118 turcicae
768 2053 851 2133 trit,
874 2058 911 2118 ut
931 2051 989 2118 fiat
1011 2073 1145 2138 pessus.
1167 2086 1210 2100 -
1231 2049 1342 2116 alinde
1366 2072 1421 2118 oa-

319 2155 409 2220 ricae
434 2172 465 2217 c.
490 2154 588 2217 nitro.
614 2151 808 2218 Cavendum
831 2158 942 2218 autem
965 2174 1058 2234 esse,
1082 2173 1125 2218 ne
1145 2152 1421 2237 adstringendum

323 2275 386 2322 usu
408 2259 522 2340 partes
537 2253 632 2317 nimis
650 2253 876 2319 corrodantur.
893 2285 936 2300 -
957 2253 1062 2318 aliud:
1085 2249 1181 2336 Aloe,
1202 2273 1317 2320 semen
1331 2253 1421 2320 Leu-

282 2363 285 2370 '
321 2353 435 2438 kojae,
452 2354 546 2438 piper
561 2351 671 2418 album
687 2375 762 2423 cum
776 2357 853 2420 uino
868 2358 1031 2438 paratum.
1050 2355 1121 2420 Nee
1137 2374 1216 2420 vero
1228 2355 1421 2422 omittuntur

323 2453 507 2534 molestiae,
530 2474 616 2540 quas
645 2451 760 2518 horum
788 2453 1106 2550 medicamentorum
1134 2473 1196 2518 usu
1224 2451 1420 2533 ventriculo,

324 2556 426 2638 capiti
463 2550 605 2637 aliisque
638 2557 771 2638 organis
807 2551 1014 2619 exhibentur.
1045 2588 1088 2604 -··
1117 2555 1173 2620 Fit
1208 2552 1421 2619 amuletorurn

324 2672 459 2742 quoque
481 2644 707 2738 (περιάπτων)
730 2657 871 2737 mentio,
902 2675 988 2741 quae
1010 2659 1047 2720 ut
1068 2653 1111 2720 ab
1142 2653 1216 2719 aliis
1237 2653 1420 2735 laudantur,

324 2750 371 2826 ito
393 2772 412 2816 a
434 2757 549 2818 nostro
572 2755 662 2820 irrita
685 2759 719 2819 et
743 2777 829 2820 vana
851 2751 1027 2822 habentur.
1050 2791 1092 2804 -
1116 2751 1343 2839 conceptione
1363 2775 1420 2818 au·

323 2861 391 2931 tem
415 2854 483 2938 jam
511 2853 647 2938 effecta,
680 2853 834 2940 abortiva
854 2874 944 2922 mera
965 2858 998 2922 in
1026 2876 1122 2936 usum
1150 2855 1300 2922 vocanda
1330 2874 1436 2949 essm

326 2954 603 3039 Compressiones
625 2953 811 3020 abdominis
829 2955 1007 3022 fasciarum
1023 2977 1100 3042 ope,
1123 2958 1421 3041 conquassationes

325 3056 475 3140 corporis
497 3053 602 3136 saltu,
630 3074 731 3121 onera
758 3053 906 3123 tollendo
935 3056 1077 3142 aliisque
1096 3056 1421 3144 motibusprounoa·

324 3161 397 3237 tas,
436 3157 610 3223 coctiones
640 3154 840 3234 diureticas,
877 3155 1039 3241 clysmate
1067 3175 1111 3222 ex
1137 3153 1421 3242 adstringentibos
1520 3229 1521 3234 ἵ

326 3262 463 3341 parata,
495 3254 667 3318 frictiones
696 3253 849 3340 cujusvis
870 3259 1003 3352 generis
1025 3259 1059 3323 in
1079 3259 1246 3344 regionem
1268 3255 1366 3342 pubis
1387 3262 1422 3323 et

326 3355 500 3440 epigastrii
527 3351 712 3436 adhibitas,
749 3353 910 3435 balneas,
942 3359 1063 3424 medio.
1096 3356 1337 3443 adstringentis
1362 3377 1419 3442 pro
1519 3359 1520 3377 ¹

324 3474 390 3521 usu
410 3455 539 3519 interno
562 3460 598 3519 et
619 3459 773 3536 externo,
805 3455 1043 3540 cataplasmata
1073 3478 1115 3525 ex
1138 3457 1420 3543 adstringenlibus
1518 3477 1519 3501 ¹

327 3574 403 3620 com
424 3551 501 3619 selle
528 3556 630 3638 tauri,
663 3552 830 3622 absinthio
859 3563 894 3621 et
922 3556 1085 3624 similibus
1115 3559 1285 3643 conjunct.
1309 3566 1421 3646 parata
1517 3561 1518 3576 ²

325 3651 467 3718 inbono
487 3651 583 3722 finem
611 3654 771 3722 adbiberi.
816 3655 1042 3742 Emplastrum
1064 3677 1108 3724 ex
1128 3660 1329 3744 cyclamine,
1357 3659 1420 3727 ela·
1452 3645 1457 3657 ⁹
1516 3653 1517 3680 ³

325 3754 422 3827 tenio,
448 3755 628 3830 artemisia,
645 3754 823 3834 absinthio,
841 3754 1086 3842 colocynthide,
1105 3777 1211 3826 cocco
1232 3758 1358 3837 Cnidio,
1375 3762 1421 3826 ni·
1515 3783 1516 3796 .

324 3860 389 3936 tro,
411 3872 618 3940 opopanace,
641 3854 712 3919 rad.
731 3855 866 3921 caricae.
883 3864 1007 3944 agrest.
1032 3855 1164 3945 (ousion
1181 3851 1303 3950 ἀγρίου
1322 3863 1421 3950 (ilion),
1514 3935 1515 3942 χ

324 3949 436 4040 lupino
466 3950 593 4040 piloso,
621 3953 691 4022 rad.
723 3951 924 4040 Chelidonii,
955 3979 1038 4027 sem.
1066 3966 1124 4027 aot
1146 3961 1215 4026 rad.
1238 3963 1420 4047 Leukojao,

155 4057 160 4069 '
196 4099 201 4110 ι
324 4053 373 4120 ol.
394 4051 539 4139 cyprino
570 4061 676 4139 parat.
701 4055 799 4122 valde
826 4055 940 4124 laudat
968 4065 1089 4126 noster
1111 4051 1240 4140 (forsan
1268 4063 1310 4128 ad
1338 4062 1421 4128 orili-

323 4155 411 4220 cium
441 4156 528 4222 uteri
556 4151 843 4237 concludendum>
886 4157 963 4224 Hoc
991 4164 1103 4224 autem
1131 4161 1230 4227 modo
1254 4163 1285 4227 si
1312 4163 1420 4228 foetus
1512 4149 1513 4167 ¹

321 4251 579 4335 consolvetur,
609 4253 672 4320 alia
702 4253 892 4323 efficaciora
915 4256 1065 4326 abortiva
1089 4263 1122 4328 in
1144 4283 1240 4328 usum
1263 4281 1343 4328 esse
1365 4279 1419 4326 vo·

322 4353 528 4450 cando,scd
551 4357 660 4424 tamen
681 4361 792 4468 cante,
816 4354 962 4452 alioquin
977 4359 1199 4446 periculosum
1213 4382 1306 4448 esse,
1329 4384 1418 4454 pruc-
