3104 5070
785 400 825 476 έ-
873 431 1006 526 rof

344 603 436 699 χήλῳ
453 611 517 698 τῆς
537 607 722 699 decipere),
753 607 923 680 externum
952 613 1051 680 cunni
1079 609 1180 680 labris
1201 613 1294 696 (rote
1316 635 1427 703 ιιιερυ

343 703 505 802 ydpoot),
530 712 716 784 inferiorem
737 731 812 794 ano,
835 710 939 796 latera
960 713 1037 798 ejus
1058 715 1210 780 carnosis
1220 715 1444 784 coxendicum

336 813 495 899 ,partibus
517 813 670 882 adnatam
692 833 781 904 esse.
804 813 916 899 Hujus
938 815 1033 880 sinus
1054 811 1291 903 longitudinem
1312 835 1378 884 sex
1393 818 1444 886 di·

296 971 303 976 .
342 917 482 1002 gitorum
503 916 538 980 in
559 914 681 985 adultis
702 934 793 996 esse,
815 913 906 1002 quod
928 935 1007 982 vero
1029 915 1135 983 variet
1149 915 1333 984 secundum
1349 925 1441 986 oeta-

346 1022 412 1082 tem
435 1023 494 1084 ant
516 1013 760 1090 concubitum
745 1035 814 1100 Jarn
836 1018 1054 1134 puuctum,
1044 1037 1078 1082 ιιι
1099 1036 1198 1103 quo,
1202 1015 1334 1094 ,collum
1355 1023 1442 1088 uteri

342 1121 515 1183 extensum
536 1121 663 1201 partem
685 1114 893 1201 quandam
864 1135 958 1182 smus
974 1121 1130 1203 occupet.
1134 1120 1160 1156 “
1181 1115 1329 1203 Vaginae
1344 1140 1442 1203 prae-

257 1255 260 1260 ·
341 1221 433 1282 terea
454 1213 561 1302 plicas
584 1205 792 1303 (σιόλιδες)
783 1237 907 1291 messe,
931 1237 1018 1302 quae
1041 1217 1073 1282 in
1096 1203 1275 1286 concubitu
1292 1239 1441 1304 perrum-

340 1321 462 1402 panim·
482 1322 518 1383 et
538 1315 671 1383 dolores
698 1317 861 1384 excitent
904 1316 1037 1402 Hymen
1066 1317 1191 1414 adesse
1218 1321 1348 1383 omnino
1378 1341 1438 1386 ne-

341 1424 399 1504 gat
420 1438 465 1492 a„
490 1416 715 1496 contendens,
738 1417 771 1481 in
799 1416 981 1504 virginibus
1009 1437 1048 1483 se
1074 1439 1209 1507 semper
1236 1417 1413 1506 'specillo
1402 1439 1438 1484 m

340 1518 538 1606 profundum
567 1537 674 1606 usque
702 1518 776 1586 sine
803 1519 991 1608 resistentia
1019 1519 1207 1604 ingressum
1236 1539 1331 1604 esse,
1359 1520 1436 1588 dein

225 1696 231 1712 .
297 1654 303 1658 -
338 1619 566 1686 necessarium
581 1637 671 1699 csse,
687 1616 832 1698 dolores,
846 1621 904 1704 qui
917 1617 1096 1685 cuncubitu
1108 1622 1305 1700 excitentur,
1316 1621 1435 1689 endem

314 1718 437 1785 ‘modo
459 1722 546 1786 inter
566 1719 794 1806 purgationem
814 1717 939 1799 adsint,
962 1718 1051 1804 quod
1072 1739 1154 1786 vero
1175 1741 1241 1786 non
1261 1719 1337 1803 fiet5
1365 1728 1434 1787 tum

339 1819 481 1906 denique
503 1821 536 1886 in
558 1817 765 1886 sectionibus
786 1817 866 1886 nibil
887 1817 954 1884 tale
975 1839 1015 1886 sc
1035 1821 1217 1886 invenisse.
1261 1817 1433 1901 Quamob

317 1925 405 1986 'rem
434 1921 557 1986 atresia
577 1919 773 2006 hymenaica
799 1909 956 2010 negatum
983 1920 1209 1987 conceduntur
1237 1940 1317 1987 vero
1347 1925 1432 1989 atre·

336 2021 388 2086 sia
410 2017 583 2097 labiorum,
605 2022 729 2091 atresia
749 2018 911 2107 vaginulis
933 2025 968 2088 et
989 2018 1104 2089 orificii
1125 2023 1222 2088 uteri.
1267 2019 1323 2088 De
1351 2043 1430 2088 corr·

337 2139 441 2190 senso
463 2123 562 2190 etiarn
585 2123 670 2188 inter
691 2126 821 2187 uterum
843 2126 878 2187 et
899 2120 1126 2204 ventriculum,
1148 2123 1240 2190 inter
1251 2110 1379 2189 uterum
1394 2131 1431 2192 et

335 2241 461 2288 mames
488 2241 674 2288 sermonem
694 2222 775 2288 facit
795 2213 827 2288 a.¹
850 2222 1022 2289 Hactenus
1045 2224 1185 2308 vaginae
1207 2224 1333 2302 (sinus.
1355 2215 1429 2289 κόλ-

335 2325 426 2403 που)
460 2320 652 2407 descriptio.
706 2321 794 2388 Huic
816 2326 953 2388 externe
975 2321 1096 2389 adnata
1119 2340 1199 2389 csse
1219 2321 1312 2388 labra
1333 2324 1428 2390 sinus

337 2411 631 2510 (πτερυγώιιατα)
654 2442 781 2499 crassa,
799 2441 952 2503 carnosa,
974 2443 1111 2520 quorum
1127 2431 1241 2509 partes
1255 2425 1427 2490 inferiores

335 2523 377 2595 od
398 2531 573 2612 utrumque
588 2523 704 2604 femur,
720 2525 911 2608 superiores
932 2544 1013 2589 vero
1036 2523 1079 2590 ad
1100 2521 1289 2610 nympham,
1311 2524 1426 2593 borum

198 2674 202 2682 ,
332 2623 499 2694 labrorum
518 2625 662 2704 initium,
683 2625 878 2708 pertineant.
922 2619 1120 2729 „Nympha
1143 2631 1254 2694 autem
1281 2623 1425 2714 appella-

330 2733 406 2807 tur,
437 2726 513 2866 uuio
541 2723 627 2791 collo
653 2725 789 2791 vesicae
810 2722 1019 2821 subsultet“

780 2973 976 2982 u—nan--u--qn

329 3177 484 3246 CAPUT
505 3177 547 3242 V.
597 3161 806 3266 Quibusnam
827 3200 869 3242 ex
896 3179 998 3268 siquis
1019 3187 1260 3268 cognoscuntur·
1278 3179 1423 3263 feroinus

674 3296 877 3382 conceptioni
895 3296 1041 3362 idoneae.
1049 3300 1075 3380 ¹)
1214 3295 1220 3304 “

301 3521 307 3540 Ι
411 3444 566 3511 Feminae
587 3435 664 3512 inde
684 3467 704 3510 a
727 3446 855 3513 decimo
877 3448 992 3534 quinto
1014 3448 1135 3514 aetatis
1157 3463 1364 3534 arnousque
1380 3445 1422 3512 ad

327 3543 616 3635 quadragesimum
638 3567 770 3623 annum,
794 3549 1032 3620 constitutione
1062 3568 1128 3613 non
1149 3548 1245 3615 nimis
1267 3546 1420 3638 robusta,

326 3657 363 3716 ut
384 3651 417 3716 in
437 3645 654 3733 viraginibus,
677 3669 744 3716 uon
764 3651 860 3716 nimis
881 3655 1032 3736 pastosa,
1056 3649 1118 3716 sed
1150 3652 1248 3717 etiam
1278 3668 1345 3714 non
1373 3651 1420 3715 ni·

326 3751 389 3815 mis
409 3747 541 3814 humida
563 3754 597 3814 et
618 3747 693 3813 laxa
716 3755 776 3816 aut
795 3751 891 3815 nimis
913 3753 1006 3817 sicca
1033 3751 1174 3817 maxime
1195 3751 1334 3815 idoneas
1362 3749 1419 3814 ba·

326 3848 397 3917 berl
419 3843 647 3934 conceptioni3
673 3849 748 3915 dein
770 3870 841 3932 eas,
865 3872 1002 3939 quarum
1023 3852 1241 3918 menstruatio
1262 3848 1419 3936 regulari·

325 3957 377 4018 ter·
404 3949 515 4036 quoad
546 3955 680 4040 typum,
711 3954 927 4038 quantitatem
957 3958 992 4018 et
1023 3950 1215 4040 qualitatem
1243 3949 1416 4036 procedat.

323 4049 448 4120 Uterus
469 4050 551 4142 ipse
564 4054 610 4122 sit
630 4052 796 4136 normalis,
817 4073 884 4120 non
909 4055 1006 4119 nimis
1033 4055 1148 4118 siccus
1169 4055 1227 4116 erut
1252 4049 1436 4136 humidus„

324 4172 389 4220 uon
420 4152 515 4220 nimis
536 4150 666 4238 amplus
686 4159 745 4222 aut
765 4159 946 4241 angustos,
971 4173 1036 4220 non
1062 4151 1244 4226 abhorrens
1274 4151 1418 4236 denique

401 4407 439 4469 .l.
483 4401 558 4472 Hoc
580 4415 676 4554 ιιιιιιι
698 4396 737 4470 ιἰΙ
760 4405 893 4470 verbum
915 4405 982 4473 lere
1004 4403 1103 4471 latine
1127 4371 1287 4468 redditum
1303 4395 1414 4471 inveni

324 4490 358 4554 iu
382 4489 456 4554 Att.
481 4487 613 4555 Tetrabi
639 4489 663 4557 Ι.
688 4489 745 4554 lV.
768 4488 875 4556 Serm.
898 4488 956 4555 lV.
979 4512 1041 4576 esp
1079 4484 1144 4552 Vll.
