3104 5070
691 399 946 486 '-sa-

203 589 208 593 .
292 599 441 671 CAPUT
469 603 658 671 XXXVIII.
701 608 754 670 ne
782 603 1039 693 praeparatione
1066 601 1112 666 od
1138 599 1404 714 embryaioiumf.

376 737 483 802 Primo
507 718 748 804 medicamenta
770 739 956 822 anaieptica
980 719 1208 821 praeparanda
1237 754 1316 799 esse
1345 735 1389 799 ad

291 835 514 923 iipctbymiam
536 841 817 923 praecavendam,
846 844 916 904 tum
944 835 1107 902 medicum
1142 831 1270 921 speculi
1303 837 1389 900 uteri

293 1007 476 1071 accuratius
499 1007 754 1095 perlustramus}
778 1006 817 1070 ab
840 1005 1042 1092 Hippocrate
1064 999 1261 1090 repetamus.
1299 1001 1389 1081 „Ca
1443 991 1450 998 ⁸

291 1104 370 1177 put,
401 1093 512 1179 inquit
542 1091 602 1171 lb,
638 1092 780 1176 gladiato
809 1089 1271 1168 dissectum,instrumento,
1299 1085 1387 1174 qrrod

292 1175 480 1263 confringat
501 1177 677 1262 (bicorpor
693 1175 827 1262 dicitur)
849 1173 1094 1248 comminuitur,
1118 1184 1150 1235 et
1172 1171 1313 1236 ossicula
1331 1193 1390 1258 per

292 1260 416 1324 ossium
442 1259 610 1326 ruiseiiam
634 1263 814 1343 cata-abito,
836 1271 892 1322 out
913 1281 999 1321 unco
1022 1259 1206 1321 attractario
1229 1255 1268 1317 ad
1292 1255 1388 1318 ciari-

290 1345 395 1408 cuiam
419 1346 468 1410 uti
490 1345 627 1416 tirmiter
648 1345 819 1409 adbaerent
841 1344 1001 1420 immisso,
1024 1365 1091 1408 uon
1114 1339 1304 1414 confestim,
1330 1341 1389 1404 scd

290 1429 448 1515 paulatim
471 1429 668 1496 remittendo
691 1442 724 1495 et
744 1449 858 1493 rursus
881 1427 1070 1514 adurgeudo
1093 1425 1292 1490 extrahito.“
1335 1424 1388 1488 Dc

291 1515 400 1577 morb.
419 1514 562 1578 mabar.
601 1515 678 1578 Lib.
707 1515 739 1578 l.
774 1513 862 1578 Sect.
893 1513 935 1576 V.
973 1537 1008 1600 p.
1038 1511 1104 1575 185
1133 1512 1185 1574 cd.
1220 1511 1315 1573 Foiis.
1345 1545 1388 1556 -—

156 1675 162 1680 ,
292 1597 492 1662 Distinctius
512 1600 580 1682 jam
605 1599 723 1662 Celsus
747 1622 853 1662 uncos
882 1619 1063 1682 eorumque
1092 1620 1185 1658 usum
1219 1593 1387 1682 exposuit,

293 1682 349 1768 qui
372 1682 416 1763 iis
432 1681 739 1760 simiiesvidcntur,
764 1683 821 1770 qui
845 1694 956 1770 postea
972 1706 990 1746 a
1005 1683 1142 1760 Paraeo,
1166 1679 1387 1760 Guiiiemeau,
1516 1757 1519 1764 ⁴

292 1765 500 1843 Mauriceau,
537 1767 667 1849 chret,
706 1767 842 1831 Smeiiie
878 1779 910 1828 ct
939 1765 1040 1830 Davis
1077 1774 1386 1829 eornnremorantur.

293 1849 477 1938 „Undique
498 1852 613 1932 laevis,
635 1852 798 1917 acuminis
821 1851 943 1934 brevis,
968 1850 1076 1938 inquit
1099 1846 1228 1926 Celsus,
1257 1850 1313 1934 qui
1336 1849 1388 1912 vel

113 1929 118 1934 ¹
188 1954 200 2004 ’,
291 1935 403 2018 oculo,
425 1935 477 2000 vei
499 1936 582 2018 auri,
605 1939 659 2002 vel
681 1939 744 2020 ori,
768 1937 933 2000 interdum
957 1935 1051 1997 etiam
1076 1933 1178 1998 tronti
1201 1945 1288 1996 recte
1310 1931 1388 2016 inji-

292 2020 379 2083 citur
401 2029 464 2084 etc.
498 2055 540 2068 -
570 2045 644 2084 nam
675 2021 704 2084 si
735 2041 923 2106 compresso
955 2019 1071 2082 vulvae
1093 2039 1149 2081 ore
1172 2017 1204 2080 id
1227 2017 1388 2098 tc'utatum

291 2115 357 2184 est,
379 2126 448 2168 nou
470 2105 636 2170 emittente
658 2127 710 2179 co,
735 2105 844 2168 inians
867 2103 1082 2188 abrumpitur,
1107 2114 1139 2166 et
1158 2102 1235 2166 uoci
1250 2123 1386 2164 acumen

244 2227 247 2236 ι
291 2188 328 2252 iu
340 2187 450 2276 ipsum
466 2209 503 2251 os
518 2189 633 2253 vutvae
649 2189 822 2264 delabitur,
844 2189 1058 2276 sequiturque
1073 2207 1245 2252 nervorum
1263 2185 1387 2250 disten·

291 2273 350 2354 tio,
374 2283 406 2336 et
428 2272 547 2372 iugens
569 2273 753 2359 periculum
779 2273 916 2337 mortis“
932 2273 1020 2356 (Lib.
1043 2269 1115 2335 Vll.
1140 2269 1385 2359 cap.XX1X.).
1469 2333 1473 2338 .

255 2355 267 2424 ’,
292 2391 335 2405 -
355 2354 428 2420 Jam
452 2380 480 2419 ει
503 2379 539 2418 ea
562 2363 808 2444 comparamus,
842 2379 926 2445 quae
953 2353 1123 2420 a·Sorano
1147 2368 1177 2418 ct
1200 2356 1240 2418 de
1263 2355 1388 2418 iudica·

290 2441 442 2506 tionibus
465 2449 496 2504 et
518 2440 558 2504 de
580 2441 652 2529 ipsa
674 2442 832 2529 operandi
855 2441 978 2503 ratione
1001 2440 1188 2504 referuntur
1208 2463 1282 2502 cum
1298 2438 1388 2504 Celsi

292 2525 333 2590 dc
355 2525 467 2589 eadem
491 2530 742 2614 re‘praeceptis‚
761 2526 829 2610 jam
853 2524 1087 2612 systematieam
1112 2524 1273 2610 quandam
1290 2523 1388 2588 ratio·

292 2633 368 2674 nem
392 2609 482 2674 iilum
506 2621 651 2686 secutum
675 2634 747 2675 esse
769 2611 967 2688 invenimus,
991 2609 1179 2695 pracsertim
1203 2632 1301 2695 quum
1325 2615 1388 2696 pro

293 2695 392 2758 variis
416 2696 580 2780 dystociae
603 2697 729 2760 caussis
752 2697 858 2760 versio
883 2694 917 2756 iu
935 2699 1033 2779 pedes
1049 2695 1144 2756 certis
1157 2694 1287 2782 quidem
1302 2693 1388 2757 iudi·

292 2778 479 2842 cationibus
513 2779 690 2843 multifaric
727 2779 767 2844 ab
804 2803 842 2843 eo
875 2790 961 2842 esset
993 2777 1147 2844 adbibita.
1193 2777 1304 2860 Quum
1334 2801 1393 2841 ars-

292 2863 395 2949 igitur
416 2862 464 2928 sic
486 2875 573 2928 esset
594 2870 732 2946 exculta,
755 2863 900 2930 Soranus
918 2865 987 2946 jam
1010 2863 1166 2948 majorem
1190 2864 1388 2926 instrumen-

260 3029 266 3034 ἱ
291 2960 398 3011 torum
422 2961 610 3036 apparatum
634 2950 820 3022 describere
843 2949 963 3037 putuit,
986 2970 1071 3035 quac
1093 2948 1147 3022 bic
1161 2947 1293 3033 singula
1308 2971 1386 3013 cau·

293 3053 417 3096 mcrare
439 3032 520 3098 mibi
542 3033 654 3100 liceatt

335 3119 368 3200 a)
388 3115 668 3203 Ἐμβρυοὺλκος,
699 3117 841 3181 uncinus
871 3116 1078 3180 attractorius
1101 3124 1273 3191 curuatus',
1307 3101 1388 3200 iuria

293 3193 438 3302 cupario
461 3200 497 3264 de
519 3191 689 3268 euvod-
705 3200 1028 3287 vodapppoootxoo
1049 3237 1091 3248 --
1114 3209 1187 3272 τοῖς
1209 3189 1388 3272 δακτύλοις

293 3291 668 3454 bebiiiiiiiicpiiicopoc.
692 3375 868 3456 scalprum,
895 3368 934 3431 ad
957 3380 1055 3458 caput
1075 3367 1310 3463 incidendum

276 3493 280 3496 -
334 3455 368 3534 c)
391 3447 624 3539 Ὀδόνταγρα,
647 3455 776 3541 forceps
799 3455 979 3517 deuterius.

335 3539 370 3620 d)
389 3532 582 3623 Ὄσταγρα,
606 3539 735 3626 forceps
759 3539 917 3620 ossarius,
941 3539 980 3602 ad
1003 3559 1078 3600 ossa
1101 3532 1349 3624 perscindeuda.

334 3635 366 3702 e)
390 3623 546 3709 ρῖζαγρα,
570 3625 608 3686 ad
631 3626 755 3686 ossium
778 3628 901 3709 assutas
924 3622 1150 3686 extrahendas.

334 3707 359 3783 i)
383 3705 734 3794 σκολοπομαχαίριον,
765 3713 904 3771 cultrum
933 3707 1136 3788 aculeatum,
1152 3757 1155 3762 .
1172 3703 1212 3768 ad
1242 3702 1386 3766 cranium

291 3791 524 3875 perforandum
554 3805 586 3856 ct
615 3792 835 3858 evacuandum
865 3791 967 3878 (coni.
991 3791 1112 3857 Cranto
1141 3789 1181 3854 de
1210 3810 1245 3852 rc
1268 3788 1386 3850 instru-

290 3875 447 3939 mentaria
471 3901 502 3961 p.
530 3879 591 3954 tt).

332 3968 367 4126 e
391 3950 544 4125 cm
562 3948 1386 4132 catacumba‚5:e⁰;.‘:.³.⁸a⁰²·⁶⁰m·

254 4113 258 4120 .
530 4093 540 4127 β
1052 4097 1054 4101 “
1245 4089 1250 4099 ’

375 4127 508 4191 Praeter
538 4133 615 4194 taaec
643 4129 681 4191 ad
704 4125 974 4216 embryotomiam
998 4126 1143 4191 adbibita
1170 4127 1386 4190 iustrumenta

275 4214 397 4292 vadbuc
421 4212 532 4275 inveni
555 4226 820 4279 commemoratae
1336 4278 1338 4284 ,

333 4297 359 4378 i)
383 4291 586 4382 ἀγκίστρων,
623 4322 729 4362 uncus
758 4296 963 4362 attractarius
987 4295 1027 4360 ad
1058 4305 1201 4359 tumores
1224 4287 1386 4352 attraben-

253 4395 258 4404 '
290 4380 366 4458 dos,
389 4387 523 4446 volsella
546 4381 586 4445 ab
609 4383 705 4447 butio
729 4384 926 4446 nominatus.
1351 4389 1354 4396 '

334 4466 369 4550 tr)
390 4454 498 4552 μήλη,
522 4465 714 4556 specillum,
739 4465 807 4551 jam
837 4467 879 4532 ab
902 4465 1060 4553 Hippoer.
1088 4463 1344 4532 commemorat,
1367 4478 1387 4520 a
