3104 5070
586 457 913 528 -28-.

132 640 199 717 sic
219 637 397 706 ianiculum
427 637 646 705 utubilicalem
674 641 816 706 formari.
860 640 947 706 llein
978 641 1062 708 duas
1084 659 1188 708 uenas
1209 646 1243 710 iu

147 751 244 805 uuam
266 735 491 823 circumvolvi,
513 761 573 825 per
593 738 771 806 foeniculum
793 735 1010 808 irmbiliealem
1032 744 1064 808 in
1086 763 1168 810 cava
1183 743 1242 810 be·
1259 750 1274 822 ¹,

41 885 44 890 -
121 893 124 900 .
146 843 236 926 potis
257 844 352 925 parte
374 837 416 904 ad
437 859 557 906 venam
580 861 695 906 cavam
717 847 955 926 transeuntem,
976 863 1156 930 perquam
1179 845 1242 910 cir·

148 937 270 1004 culatio
289 941 459 1024 sanguinis
473 941 587 1010 matris
602 941 644 1006 ad
659 942 783 1008 foetum
798 943 1003 1012 nutriendum
1019 943 1086 1008 fiat.
1111 942 1242 1030 Eodem

147 1039 245 1104 ruodo
268 1039 353 1106 duas
374 1041 513 1106 arterias
536 1039 742 1109 umbilicales
763 1045 798 1106 in
820 1061 918 1107 unam
940 1045 1041 1126 coire,
1063 1045 1105 1108 ad
1121 1042 1241 1108 latera·

146 1138 198 1206 les
220 1142 357 1208 amicae
377 1141 539 1208 urriuariae
558 1148 673 1226 partes
698 1147 925 1216 transeuntem
953 1130 989 1208 et
1015 1163 1090 1213 cum
1122 1165 1241 1229 magua

147 1243 266 1306 arteria
294 1242 426 1321 (Aorta)
455 1259 537 1306 sese
564 1239 832 1328 conjungentem.
874 1241 1067 1330 Embryone
1094 1243 1137 1310 nd
1164 1265 1240 1310 nor·

144 1335 262 1405 malem
283 1339 539 1426 magnitudinem
561 1347 749 1425 crescente,
780 1348 941 1430 uteroque
954 1337 1060 1408 'valdo
1083 1349 1238 1424 extenso,

144 1438 354 1506 membranas
390 1439 538 1526 disjungi
573 1441 767 1528 laetumque
807 1444 840 1507 in
874 1442 983 1508 lucem
1019 1441 1086 1509 edi.
1145 1439 1239 1524 Quae
1347 1427 1359 1462 ⁷

146 1541 255 1603 omnia
273 1561 292 1606 e
308 1557 495 1625 caprarum,
516 1558 703 1625 vaccarum,
726 1561 963 1632 aerearumque
979 1543 1183 1611 dissectione
1198 1563 1240 1609 se

85 1693 87 1698 .
146 1637 304 1705 didicisse
326 1633 467 1707 affirmat
487 1637 640 1708 Soranus
651 1645 689 1725 ¹).
1143 1635 1160 1670 '¹

585 1851 788 1864 mn·-

60 2104 63 2110 ,
126 2002 297 2146 ‘CAPUT'
316 2021 409 2089 xvi.
458 2017 629 2110 Quomodo
657 2025 704 2090 ad
719 2025 854 2111 foetum
882 2033 1049 2090 mortuum
1069 2047 1237 2089 remouen-

502 2123 582 2186 dum
603 2126 767 2214 agendum
787 2125 881 2206 εἰτ’).

161 2281 163 2288 ’
229 2275 423 2362 Embryone
445 2276 573 2338 mortuo
604 2272 725 2358 soluto,
755 2273 819 2341 sed
852 2275 992 2358 vaginae
1019 2251 1142 2338 adbuc
1157 2251 1237 2339 bae·

146 2379 239 2442 rente
264 2375 462 2459 injectiones
492 2393 537 2439 ex
564 2372 638 2440 oleo
661 2373 806 2461 Cypriae
830 2380 863 2441 et
885 2372 1160 2458 Therebintbina,
1188 2373 1238 2438 in·

144 2495 266 2540 sessus
289 2497 307 2541 e
329 2465 600 2540 medicaminibus
621 2475 821 2558 aromaticis,
843 2465 1076 2559 fumigationes
1105 2493 1149 2538 ex
1171 2472 1238 2539 As·
1301 2467 1341 2507 Ψ
1411 2485 1418 2504 “
1545 2479 1546 2486 ’

145 2573 274 2660 pbalto,
304 2571 454 2638 Galbano
490 2579 558 2640 etc.
588 2570 631 2638 ad
661 2575 787 2666 foetum
811 2581 975 2639 mortuum
1004 2565 1238 2640 removendum

147 2671 428 2750 commendantur,
452 2665 584 2740 scilicet
605 2693 706 2760 quum
727 2673 935 2740 inflammatio
958 2672 1145 2759 genitalium
1172 2691 1237 2736 non

145 2775 243 2842 adsit.
287 2765 390 2840 Utere
412 2773 492 2840 v‘ero
515 2767 793 2859 clausospongia
814 2767 871 2866 ant
890 2793 1036 2859 papyrus
1053 2771 1094 2838 ad
1111 2776 1238 2837 aterum

147 2871 346 2942 dilatandum
367 2871 563 2960 applicetur.
608 2869 649 2939 si
678 2861 813 2939 cborion
835 2871 1029 2958 (placenta)
1058 2867 1237 2954 embryone

150 3051 351 3068 m

229 3141 262 3208 l.
291 3138 390 3223 Quod
406 3141 530 3204 vereret
551 3151 701 3206 auctores
723 3142 763 3206 tle
785 3140 1035 3230 cotyledonibur
1057 3138 1238 3227 opinaban-

147 3238 212 3303 tur,
232 3249 276 3305 ‚cx
292 3227 355 3292 boc
370 3223 489 3290 Sorani
509 3229 614 3291 ,nostri
634 3228 739 3314 capite
760 3228 839 3294 sotis
862 3233 990 3296 elucet„
1024 3224 1236 3312 Hippocratis

147 3320 287 3390 sentent.
299 3309 682 3398 demonstrauitGalcnus
697 3313 731 3376 in
747 3306 821 3378 libr.
833 3313 872 3376 dc
888 3311 1145 3377 dissociamus
1160 3329 1231 3394 cap.

146 3393 190 3461 X.
206 3384 535 3483 „cotyledosesaunt
550 3417 606 3462 ora
628 3418 778 3460 uasorrrm
801 3397 914 3459 vulvae
937 3405 968 3457 ct
989 3416 1142 3458 venarum
1166 3414 1235 3470 ora,

119 3503 230 3568 „quac
252 3479 286 3544 in
319 3477 445 3544 vulvam
470 3471 681 3568 pe'netrantf‘
723 3479 899 3552 Moschion
922 3477 1044 3542 nullam
1068 3475 1234 3560 cotyledo-

147 3589 225 3628 nurn
256 3562 334 3628 iacit
361 3565 571 3628 mentionem.
616 3565 805 3628 Recentieri
834 3564 964 3627 denium
993 3575 1139 3646 ternpore
1162 3559 1235 3621 dili·

146 3648 410 3734 gentisaimio‚et
435 3649 691 3732 accuratissimis
719 3647 844 3733 gravidi
873 3646 957 3710 uteri
985 3642 1237 3708 dissectionibus
1310 3701 1317 3714 ,

147 3731 358 3814 cotyledones
381 3755 447 3796 nou
470 3733 504 3796 in
528 3733 732 3814 bominibus,
760 3731 876 3796 sedin
900 3729 1014 3793 bestiis
1039 3738 1163 3791 tantum
1187 3726 1236 3787 in·

147 3813 253 3878 vcniri
275 3816 442 3898 cognitum
466 3826 527 3881 cst.
543 3851 585 3866 -
600 3817 695 3881 Corrl'.
719 3816 759 3879 do
781 3815 840 3879 lrac
865 3837 898 3878 re
918 3813 965 3879 M.
989 3812 1026 3878 C.
1042 3812 1129 3874 Base
1145 3809 1235 3873 Diss.
1364 3827 1371 3840 “

149 3898 189 3978 de
221 3895 356 3963 obstetr.
391 3901 556 3976 erroribus
591 3923 609 3964 a
644 3900 771 3962 medico
809 3899 931 3962 clinico
968 3893 1235 3984 pervestigandis.
1319 3908 1324 3918 ’

148 3979 244 4068 Lips.
271 3981 366 4048 1729.
392 4005 422 4068 p.
452 3981 506 4048 to.
528 4016 571 4030 —
607 3983 731 4058 Astrula
754 3981 811 4043 deo
841 3980 993 4045 arraladies
1023 3981 1081 4042 des
1104 3981 1236 4042 temones

56 4093 59 4104 ·
150 4063 331 4238 {obmissllb
364 4089 396 4152 p.
424 4065 516 4170 9153
543 4076 575 4130 ct
604 4063 839 4139 vanvSwicten
861 4063 1040 4128 Commeat.
1060 4062 1153 4128 'Tum
1178 4059 1234 4125 lV.
1331 4065 1335 4074 '

232 4233 265 4297 a.
311 4229 472 4318 Hippocr.
496 4231 530 4296 in
554 4231 630 4296 libr.
655 4229 695 4294 de
718 4239 829 4296 natura
851 4229 1004 4294 muliebri
1025 4226 1239 4294 medicamina

149 4324 276 4406 partum
312 4316 524 4380 accelerantia
559 4315 738 4406 praecipue
773 4314 813 4380 ad
845 4315 984 4378 inientes
1020 4324 1165 4379 mortuos
1199 4331 1240 4371 cx
1344 4323 1351 4344 ¹
1398 4325 1400 4332 ’

149 4412 244 4465 utero
268 4400 482 4502 expellendos
517 4401 591 4480 „ad
613 4397 810 4484 ejiciendum
834 4399 956 4466 loetum
979 4407 1142 4463 mortuum
1165 4413 1239 4458 cum

151 4485 374 4551 secuudiu1s“
400 4495 523 4553 rccrtat.
