<?xml version="1.0" encoding="UTF-8"?>
<!DOCTYPE html PUBLIC "-//W3C//DTD XHTML 1.0 Transitional//EN"
    "http://www.w3.org/TR/xhtml1/DTD/xhtml1-transitional.dtd">
<html xmlns="http://www.w3.org/1999/xhtml" xml:lang="en" lang="en">
 <head>
  <title>
</title>
<meta http-equiv="Content-Type" content="text/html;charset=utf-8" />
  <meta name='ocr-system' content='tesseract 3.04.00' />
  <meta name='ocr-capabilities' content='ocr_page ocr_carea ocr_par ocr_line ocrx_word'/>
</head>
<body>
  <div class='ocr_page' id='page_1' title='image "./artisobstetrici00pinogoog_0029.png"; bbox 0 0 3104 5070; ppageno 0'>
   <div class='ocr_carea' id='block_1_1' title="bbox 304 579 1534 1774">
    <p class='ocr_par' dir='ltr' id='par_1_1' title="bbox 304 579 1534 1774">
     <span class='ocr_line' id='line_1_1' title="bbox 305 579 1534 676; baseline -0.006 -20"><span class='ocrx_word' id='word_1_1' title='bbox 305 586 472 676; x_wconf 83' lang='lat' dir='ltr'><strong>inguinali,</strong></span> <span class='ocrx_word' id='word_1_2' title='bbox 492 588 527 654; x_wconf 92' lang='lat' dir='ltr'><strong>in</strong></span> <span class='ocrx_word' id='word_1_3' title='bbox 548 584 672 667; x_wconf 86' lang='lat' dir='ltr'><strong>oculis,</strong></span> <span class='ocrx_word' id='word_1_4' title='bbox 694 584 845 669; x_wconf 86' lang='lat' dir='ltr'><strong>artubus,</strong></span> <span class='ocrx_word' id='word_1_5' title='bbox 866 582 1038 664; x_wconf 84' lang='lat' dir='ltr'><strong>molestias</strong></span> <span class='ocrx_word' id='word_1_6' title='bbox 1059 579 1250 664; x_wconf 80' lang='lat' dir='ltr'><strong>ventricrdi,</strong></span> <span class='ocrx_word' id='word_1_7' title='bbox 1271 579 1422 657; x_wconf 52' lang='lat' dir='ltr'><strong>amum*</strong></span> <span class='ocrx_word' id='word_1_8' title='bbox 1533 622 1534 656; x_wconf 62' lang='lat' dir='ltr'><strong>r</strong></span> 
     </span>
     <span class='ocr_line' id='line_1_2' title="bbox 304 680 1404 776; baseline -0.006 -18"><span class='ocrx_word' id='word_1_9' title='bbox 304 692 432 776; x_wconf 81' lang='lat' dir='ltr'><strong>iiigns,</strong></span> <span class='ocrx_word' id='word_1_10' title='bbox 452 686 628 768; x_wconf 88' lang='lat' dir='ltr'><strong>sudorem,</strong></span> <span class='ocrx_word' id='word_1_11' title='bbox 649 681 888 772; x_wconf 84' lang='lat' dir='ltr'><strong>lipotbymiam,</strong></span> <span class='ocrx_word' id='word_1_12' title='bbox 909 682 1171 772; x_wconf 85' lang='lat' dir='ltr'><strong>opisthotonum,</strong></span> <span class='ocrx_word' id='word_1_13' title='bbox 1185 680 1404 770; x_wconf 83' lang='lat' dir='ltr'><strong>epilepsiam,</strong></span> 
     </span>
     <span class='ocr_line' id='line_1_3' title="bbox 305 781 1405 877; baseline -0.01 -16"><span class='ocrx_word' id='word_1_14' title='bbox 305 787 503 877; x_wconf 72' lang='lat' dir='ltr'><strong>singultum,</strong></span> <span class='ocrx_word' id='word_1_15' title='bbox 525 806 695 874; x_wconf 75' lang='lat' dir='ltr'><strong>spasmum</strong></span> <span class='ocrx_word' id='word_1_16' title='bbox 717 791 752 852; x_wconf 88' lang='lat' dir='ltr'><strong>ct</strong></span> <span class='ocrx_word' id='word_1_17' title='bbox 772 783 952 872; x_wconf 82' lang='lat' dir='ltr'><strong>npbdniam</strong></span> <span class='ocrx_word' id='word_1_18' title='bbox 968 787 1066 871; x_wconf 88' lang='lat' dir='ltr'><strong>signa</strong></span> <span class='ocrx_word' id='word_1_19' title='bbox 1087 803 1168 851; x_wconf 86' lang='lat' dir='ltr'><strong>ease</strong></span> <span class='ocrx_word' id='word_1_20' title='bbox 1189 781 1330 876; x_wconf 79' lang='lat' dir='ltr'><strong>abortus</strong></span> <span class='ocrx_word' id='word_1_21' title='bbox 1350 785 1405 851; x_wconf 90' lang='lat' dir='ltr'><strong>in·</strong></span> 
     </span>
     <span class='ocr_line' id='line_1_4' title="bbox 305 882 1406 974; baseline -0.005 -14"><span class='ocrx_word' id='word_1_22' title='bbox 305 892 433 960; x_wconf 82' lang='lat' dir='ltr'><strong>stantis·</strong></span> <span class='ocrx_word' id='word_1_23' title='bbox 449 891 482 956; x_wconf 89' lang='lat' dir='ltr'><strong>in</strong></span> <span class='ocrx_word' id='word_1_24' title='bbox 503 882 568 956; x_wconf 84' lang='lat' dir='ltr'><strong>illis</strong></span> <span class='ocrx_word' id='word_1_25' title='bbox 589 888 784 974; x_wconf 88' lang='lat' dir='ltr'><strong>praesertim</strong></span> <span class='ocrx_word' id='word_1_26' title='bbox 805 885 956 969; x_wconf 82' lang='lat' dir='ltr'><strong>feminis,</strong></span> <span class='ocrx_word' id='word_1_27' title='bbox 988 904 1077 971; x_wconf 87' lang='lat' dir='ltr'><strong>quae</strong></span> <span class='ocrx_word' id='word_1_28' title='bbox 1099 882 1249 950; x_wconf 82' lang='lat' dir='ltr'><strong>abortiva</strong></span> <span class='ocrx_word' id='word_1_29' title='bbox 1269 905 1406 954; x_wconf 75' lang='lat' dir='ltr'><strong>manse·</strong></span> 
     </span>
     <span class='ocr_line' id='line_1_5' title="bbox 305 983 1406 1073; baseline -0.005 -15"><span class='ocrx_word' id='word_1_30' title='bbox 305 997 392 1058; x_wconf 89' lang='lat' dir='ltr'><strong>rant.</strong></span> <span class='ocrx_word' id='word_1_31' title='bbox 422 987 505 1056; x_wconf 86' lang='lat' dir='ltr'><strong>¹lllis</strong></span> <span class='ocrx_word' id='word_1_32' title='bbox 525 1008 619 1070; x_wconf 86' lang='lat' dir='ltr'><strong>vero,</strong></span> <span class='ocrx_word' id='word_1_33' title='bbox 641 1006 728 1072; x_wconf 88' lang='lat' dir='ltr'><strong>quac</strong></span> <span class='ocrx_word' id='word_1_34' title='bbox 749 989 870 1070; x_wconf 90' lang='lat' dir='ltr'><strong>sponte</strong></span> <span class='ocrx_word' id='word_1_35' title='bbox 891 983 1043 1052; x_wconf 83' lang='lat' dir='ltr'><strong>abortum</strong></span> <span class='ocrx_word' id='word_1_36' title='bbox 1063 987 1300 1073; x_wconf 87' lang='lat' dir='ltr'><strong>perpetiantur,</strong></span> <span class='ocrx_word' id='word_1_37' title='bbox 1321 1001 1406 1052; x_wconf 88' lang='lat' dir='ltr'><strong>anc-</strong></span> 
     </span>
     <span class='ocr_line' id='line_1_6' title="bbox 306 1083 1405 1174; baseline -0.005 -15"><span class='ocrx_word' id='word_1_38' title='bbox 306 1101 381 1160; x_wconf 84' lang='lat' dir='ltr'><strong>tore</strong></span> <span class='ocrx_word' id='word_1_39' title='bbox 406 1090 613 1174; x_wconf 79' lang='lat' dir='ltr'><strong>Hippocrate</strong></span> <span class='ocrx_word' id='word_1_40' title='bbox 640 1105 800 1154; x_wconf 90' lang='lat' dir='ltr'><strong>mammas</strong></span> <span class='ocrx_word' id='word_1_41' title='bbox 828 1083 951 1152; x_wconf 89' lang='lat' dir='ltr'><strong>collabi</strong></span> <span class='ocrx_word' id='word_1_42' title='bbox 966 1093 1012 1170; x_wconf 70' lang='grc' dir='ltr'><strong>ι);</strong></span> <span class='ocrx_word' id='word_1_43' title='bbox 1039 1085 1226 1156; x_wconf 87' lang='lat' dir='ltr'><strong>seeundum</strong></span> <span class='ocrx_word' id='word_1_44' title='bbox 1246 1085 1405 1154; x_wconf 75' lang='lat' dir='ltr'><strong>Dioclem</strong></span> 
     </span>
     <span class='ocr_line' id='line_1_7' title="bbox 306 1184 1404 1272; baseline -0.005 -13"><span class='ocrx_word' id='word_1_45' title='bbox 306 1209 384 1259; x_wconf 83' lang='lat' dir='ltr'><strong>vero</strong></span> <span class='ocrx_word' id='word_1_46' title='bbox 420 1190 559 1256; x_wconf 79' lang='lat' dir='ltr'><strong>seminas</strong></span> <span class='ocrx_word' id='word_1_47' title='bbox 600 1193 669 1254; x_wconf 88' lang='lat' dir='ltr'><strong>tom</strong></span> <span class='ocrx_word' id='word_1_48' title='bbox 704 1185 952 1272; x_wconf 78' lang='lat' dir='ltr'><strong>horripilatione</strong></span> <span class='ocrx_word' id='word_1_49' title='bbox 986 1191 1022 1252; x_wconf 86' lang='lat' dir='ltr'><strong>et</strong></span> <span class='ocrx_word' id='word_1_50' title='bbox 1058 1184 1223 1271; x_wconf 79' lang='lat' dir='ltr'><strong>gravitate</strong></span> <span class='ocrx_word' id='word_1_51' title='bbox 1270 1192 1404 1256; x_wconf 86' lang='lat' dir='ltr'><strong>artuum</strong></span> 
     </span>
     <span class='ocr_line' id='line_1_8' title="bbox 306 1285 1407 1382; baseline -0.005 -24"><span class='ocrx_word' id='word_1_52' title='bbox 306 1293 438 1377; x_wconf 81' lang='lat' dir='ltr'><strong>corripi.</strong></span> <span class='ocrx_word' id='word_1_53' title='bbox 480 1287 676 1368; x_wconf 78' lang='lat' dir='ltr'><strong>Brevem,</strong></span> <span class='ocrx_word' id='word_1_54' title='bbox 704 1285 817 1382; x_wconf 81' lang='lat' dir='ltr'><strong>adjicit</strong></span> <span class='ocrx_word' id='word_1_55' title='bbox 838 1306 885 1360; x_wconf 79' lang='lat' dir='ltr'><strong>m,</strong></span> <span class='ocrx_word' id='word_1_56' title='bbox 920 1295 1112 1372; x_wconf 76' lang='lat' dir='ltr'><strong>quaesatio</strong></span> <span class='ocrx_word' id='word_1_57' title='bbox 1134 1286 1302 1371; x_wconf 79' lang='lat' dir='ltr'><strong>gaudeant</strong></span> <span class='ocrx_word' id='word_1_58' title='bbox 1329 1307 1407 1354; x_wconf 85' lang='lat' dir='ltr'><strong>eor·</strong></span> 
     </span>
     <span class='ocr_line' id='line_1_9' title="bbox 307 1385 1406 1480; baseline -0.005 -22"><span class='ocrx_word' id='word_1_59' title='bbox 307 1413 391 1478; x_wconf 86' lang='lat' dir='ltr'><strong>pore</strong></span> <span class='ocrx_word' id='word_1_60' title='bbox 411 1411 487 1460; x_wconf 90' lang='lat' dir='ltr'><strong>cum</strong></span> <span class='ocrx_word' id='word_1_61' title='bbox 509 1394 603 1454; x_wconf 90' lang='lat' dir='ltr'><strong>utero</strong></span> <span class='ocrx_word' id='word_1_62' title='bbox 626 1386 771 1469; x_wconf 86' lang='lat' dir='ltr'><strong>humido,</strong></span> <span class='ocrx_word' id='word_1_63' title='bbox 795 1407 881 1471; x_wconf 88' lang='lat' dir='ltr'><strong>quae</strong></span> <span class='ocrx_word' id='word_1_64' title='bbox 902 1385 1002 1480; x_wconf 81' lang='lat' dir='ltr'><strong>facile</strong></span> <span class='ocrx_word' id='word_1_65' title='bbox 1019 1385 1090 1472; x_wconf 84' lang='lat' dir='ltr'><strong>jam</strong></span> <span class='ocrx_word' id='word_1_66' title='bbox 1110 1403 1250 1471; x_wconf 80' lang='lat' dir='ltr'><strong>magnos</strong></span> <span class='ocrx_word' id='word_1_67' title='bbox 1263 1407 1406 1473; x_wconf 86' lang='lat' dir='ltr'><strong>pepare-</strong></span> 
     </span>
     <span class='ocr_line' id='line_1_10' title="bbox 307 1486 1406 1574; baseline -0.004 -16"><span class='ocrx_word' id='word_1_68' title='bbox 307 1497 374 1558; x_wconf 87' lang='lat' dir='ltr'><strong>rint</strong></span> <span class='ocrx_word' id='word_1_69' title='bbox 394 1492 556 1571; x_wconf 83' lang='lat' dir='ltr'><strong>inientes,</strong></span> <span class='ocrx_word' id='word_1_70' title='bbox 586 1486 710 1574; x_wconf 86' lang='lat' dir='ltr'><strong>quibua</strong></span> <span class='ocrx_word' id='word_1_71' title='bbox 738 1489 859 1574; x_wconf 80' lang='lat' dir='ltr'><strong>exigua</strong></span> <span class='ocrx_word' id='word_1_72' title='bbox 879 1493 1008 1555; x_wconf 90' lang='lat' dir='ltr'><strong>tantum</strong></span> <span class='ocrx_word' id='word_1_73' title='bbox 1028 1488 1074 1553; x_wconf 90' lang='lat' dir='ltr'><strong>sit</strong></span> <span class='ocrx_word' id='word_1_74' title='bbox 1099 1489 1271 1573; x_wconf 85' lang='lat' dir='ltr'><strong>sanguinis</strong></span> <span class='ocrx_word' id='word_1_75' title='bbox 1292 1489 1406 1574; x_wconf 84' lang='lat' dir='ltr'><strong>copia,</strong></span> 
     </span>
     <span class='ocr_line' id='line_1_11' title="bbox 307 1585 1473 1677; baseline -0.005 -17"><span class='ocrx_word' id='word_1_76' title='bbox 307 1613 371 1660; x_wconf 88' lang='lat' dir='ltr'><strong>nec</strong></span> <span class='ocrx_word' id='word_1_77' title='bbox 391 1591 534 1677; x_wconf 85' lang='lat' dir='ltr'><strong>pingues</strong></span> <span class='ocrx_word' id='word_1_78' title='bbox 555 1594 592 1654; x_wconf 87' lang='lat' dir='ltr'><strong>et</strong></span> <span class='ocrx_word' id='word_1_79' title='bbox 611 1593 722 1656; x_wconf 88' lang='lat' dir='ltr'><strong>aetate</strong></span> <span class='ocrx_word' id='word_1_80' title='bbox 738 1588 810 1672; x_wconf 82' lang='lat' dir='ltr'><strong>jam</strong></span> <span class='ocrx_word' id='word_1_81' title='bbox 832 1592 901 1658; x_wconf 87' lang='lat' dir='ltr'><strong>sint</strong></span> <span class='ocrx_word' id='word_1_82' title='bbox 920 1593 1113 1672; x_wconf 77' lang='lat' dir='ltr'><strong>provectae,</strong></span> <span class='ocrx_word' id='word_1_83' title='bbox 1135 1607 1202 1655; x_wconf 93' lang='lat' dir='ltr'><strong>non</strong></span> <span class='ocrx_word' id='word_1_84' title='bbox 1222 1585 1322 1654; x_wconf 83' lang='lat' dir='ltr'><strong>facile</strong></span> <span class='ocrx_word' id='word_1_85' title='bbox 1344 1585 1406 1654; x_wconf 91' lang='lat' dir='ltr'><strong>ab·</strong></span> <span class='ocrx_word' id='word_1_86' title='bbox 1469 1607 1473 1611; x_wconf 82' lang='grc'><strong>’</strong></span> 
     </span>
     <span class='ocr_line' id='line_1_12' title="bbox 309 1688 1402 1774; baseline -0.016 -16"><span class='ocrx_word' id='word_1_87' title='bbox 309 1699 416 1758; x_wconf 89' lang='lat' dir='ltr'><strong>ortum</strong></span> <span class='ocrx_word' id='word_1_88' title='bbox 439 1688 569 1774; x_wconf 81' lang='lat' dir='ltr'><strong>perpeti</strong></span> <span class='ocrx_word' id='word_1_89' title='bbox 583 1696 626 1770; x_wconf 72' lang='grc'><strong>2).</strong></span> <span class='ocrx_word' id='word_1_90' title='bbox 1289 1717 1293 1724; x_wconf 90' lang='lat'><strong>·</strong></span> <span class='ocrx_word' id='word_1_91' title='bbox 1400 1703 1402 1712; x_wconf 84' lang='grc'><em>·</em></span> 
     </span>
    </p>
   </div>
   <div class='ocr_carea' id='block_1_2' title="bbox 756 1866 958 1878">
    <p class='ocr_par' dir='ltr' id='par_1_2' title="bbox 756 1866 958 1878">
     <span class='ocr_line' id='line_1_13' title="bbox 756 1866 958 1878; baseline 0.005 -3"><span class='ocrx_word' id='word_1_92' title='bbox 756 1866 958 1878; x_wconf 73' lang='lat'><em>--—-—-·--—-</em></span> 
     </span>
    </p>
   </div>
   <div class='ocr_carea' id='block_1_3' title="bbox 409 1995 1305 2226">
    <p class='ocr_par' dir='ltr' id='par_1_3' title="bbox 409 1995 1305 2226">
     <span class='ocr_line' id='line_1_14' title="bbox 409 1995 1305 2117; baseline -0.001 -30"><span class='ocrx_word' id='word_1_93' title='bbox 409 1995 562 2087; x_wconf 75' lang='lat' dir='ltr'><strong>carun</strong></span> <span class='ocrx_word' id='word_1_94' title='bbox 584 2017 679 2088; x_wconf 76' lang='lat' dir='ltr'><strong>xlii.</strong></span> <span class='ocrx_word' id='word_1_95' title='bbox 723 2023 776 2086; x_wconf 74' lang='lat' dir='ltr'><strong>ne</strong></span> <span class='ocrx_word' id='word_1_96' title='bbox 796 2021 857 2101; x_wconf 74' lang='lat' dir='ltr'><strong>aa,</strong></span> <span class='ocrx_word' id='word_1_97' title='bbox 879 2041 966 2117; x_wconf 69' lang='lat' dir='ltr'><strong>puae</strong></span> <span class='ocrx_word' id='word_1_98' title='bbox 986 2021 1023 2085; x_wconf 74' lang='lat' dir='ltr'><strong>a</strong></span> <span class='ocrx_word' id='word_1_99' title='bbox 1044 2031 1139 2087; x_wconf 68' lang='lat' dir='ltr'><strong>utero</strong></span> <span class='ocrx_word' id='word_1_100' title='bbox 1151 2021 1305 2108; x_wconf 65' lang='lat' dir='ltr'><strong>scaenae</strong></span> 
     </span>
     <span class='ocr_line' id='line_1_15' title="bbox 672 2121 1049 2226; baseline 0.008 -42"><span class='ocrx_word' id='word_1_101' title='bbox 672 2121 834 2208; x_wconf 76' lang='lat' dir='ltr'><strong>providae</strong></span> <span class='ocrx_word' id='word_1_102' title='bbox 851 2122 1049 2226; x_wconf 76' lang='lat' dir='ltr'><strong>qiqnuntrrr.</strong></span> 
     </span>
    </p>
   </div>
   <div class='ocr_carea' id='block_1_4' title="bbox 275 2253 1407 2720">
    <p class='ocr_par' dir='ltr' id='par_1_4' title="bbox 275 2253 1407 2720">
     <span class='ocr_line' id='line_1_16' title="bbox 393 2253 1407 2339; baseline 0 -19"><span class='ocrx_word' id='word_1_103' title='bbox 393 2255 481 2320; x_wconf 84' lang='lat' dir='ltr'><strong>Tres</strong></span> <span class='ocrx_word' id='word_1_104' title='bbox 502 2253 649 2318; x_wconf 83' lang='lat' dir='ltr'><strong>nominat</strong></span> <span class='ocrx_word' id='word_1_105' title='bbox 670 2257 788 2319; x_wconf 80' lang='lat' dir='ltr'><strong>auctor</strong></span> <span class='ocrx_word' id='word_1_106' title='bbox 807 2253 1031 2332; x_wconf 86' lang='lat' dir='ltr'><strong>membranas,</strong></span> <span class='ocrx_word' id='word_1_107' title='bbox 1053 2253 1196 2339; x_wconf 88' lang='lat' dir='ltr'><strong>quaein</strong></span> <span class='ocrx_word' id='word_1_108' title='bbox 1217 2257 1312 2320; x_wconf 78' lang='lat' dir='ltr'><strong>utero</strong></span> <span class='ocrx_word' id='word_1_109' title='bbox 1326 2261 1407 2338; x_wconf 88' lang='lat' dir='ltr'><strong>post</strong></span> 
     </span>
     <span class='ocr_line' id='line_1_17' title="bbox 312 2349 1407 2439; baseline -0.001 -18"><span class='ocrx_word' id='word_1_110' title='bbox 312 2353 568 2439; x_wconf 81' lang='lat' dir='ltr'><strong>conceptionem</strong></span> <span class='ocrx_word' id='word_1_111' title='bbox 602 2353 765 2419; x_wconf 86' lang='lat' dir='ltr'><strong>oriantur:</strong></span> <span class='ocrx_word' id='word_1_112' title='bbox 802 2351 993 2433; x_wconf 83' lang='lat' dir='ltr'><strong>chorico,</strong></span> <span class='ocrx_word' id='word_1_113' title='bbox 1028 2349 1251 2420; x_wconf 89' lang='lat' dir='ltr'><strong>membranam</strong></span> <span class='ocrx_word' id='word_1_114' title='bbox 1279 2353 1407 2420; x_wconf 80' lang='lat' dir='ltr'><strong>loetum</strong></span> 
     </span>
     <span class='ocr_line' id='line_1_18' title="bbox 275 2450 1405 2540; baseline -0.005 -14"><span class='ocrx_word' id='word_1_115' title='bbox 275 2513 281 2526; x_wconf 82' lang='grc'>,</span> <span class='ocrx_word' id='word_1_116' title='bbox 311 2452 458 2539; x_wconf 89' lang='lat' dir='ltr'><strong>undique</strong></span> <span class='ocrx_word' id='word_1_117' title='bbox 485 2454 691 2536; x_wconf 77' lang='lat' dir='ltr'><strong>cingentem3</strong></span> <span class='ocrx_word' id='word_1_118' title='bbox 722 2450 1026 2536; x_wconf 86' lang='lat' dir='ltr'><strong>allantoidem,</strong></span> <span class='ocrx_word' id='word_1_119' title='bbox 1048 2450 1282 2536; x_wconf 86' lang='lat' dir='ltr'><strong>membranam,</strong></span> <span class='ocrx_word' id='word_1_120' title='bbox 1302 2471 1405 2540; x_wconf 82' lang='lat' dir='ltr'><strong>quem</strong></span> 
     </span>
     <span class='ocr_line' id='line_1_19' title="bbox 311 2548 1406 2641; baseline -0.002 -19"><span class='ocrx_word' id='word_1_121' title='bbox 311 2552 476 2641; x_wconf 82' lang='lat' dir='ltr'><strong>duplicem</strong></span> <span class='ocrx_word' id='word_1_122' title='bbox 498 2565 576 2618; x_wconf 86' lang='lat' dir='ltr'><strong>esse</strong></span> <span class='ocrx_word' id='word_1_123' title='bbox 590 2548 743 2619; x_wconf 75' lang='lat' dir='ltr'><strong>soranus</strong></span> <span class='ocrx_word' id='word_1_124' title='bbox 764 2549 857 2632; x_wconf 77' lang='lat' dir='ltr'><strong>vnlt5</strong></span> <span class='ocrx_word' id='word_1_125' title='bbox 879 2554 1048 2620; x_wconf 88' lang='lat' dir='ltr'><strong>amnion</strong></span> <span class='ocrx_word' id='word_1_126' title='bbox 1069 2551 1224 2640; x_wconf 89' lang='lat' dir='ltr'><strong>deniqne,</strong></span> <span class='ocrx_word' id='word_1_127' title='bbox 1244 2552 1406 2620; x_wconf 87' lang='lat' dir='ltr'><strong>membra·</strong></span> 
     </span>
     <span class='ocr_line' id='line_1_20' title="bbox 310 2654 553 2720; baseline -0.025 0"><span class='ocrx_word' id='word_1_128' title='bbox 310 2671 387 2720; x_wconf 88' lang='lat' dir='ltr'><strong>nam</strong></span> <span class='ocrx_word' id='word_1_129' title='bbox 407 2654 553 2719; x_wconf 90' lang='lat' dir='ltr'><strong>tenuem.</strong></span> 
     </span>
    </p>
   </div>
   <div class='ocr_carea' id='block_1_5' title="bbox 758 2791 961 2806">
    <p class='ocr_par' dir='ltr' id='par_1_5' title="bbox 758 2791 961 2806">
     <span class='ocr_line' id='line_1_21' title="bbox 758 2791 961 2806; baseline 0 0"><span class='ocrx_word' id='word_1_130' title='bbox 758 2791 961 2806; x_wconf 58' lang='grc' dir='ltr'><strong>-ὶ--ι-ο-συ-</strong></span> 
     </span>
    </p>
   </div>
   <div class='ocr_carea' id='block_1_6' title="bbox 313 2945 1404 3036">
    <p class='ocr_par' dir='ltr' id='par_1_6' title="bbox 313 2945 1404 3036">
     <span class='ocr_line' id='line_1_22' title="bbox 313 2945 1404 3036; baseline 0.001 -19"><span class='ocrx_word' id='word_1_131' title='bbox 313 2948 471 3018; x_wconf 74' lang='lat' dir='ltr'>CAPUT</span> <span class='ocrx_word' id='word_1_132' title='bbox 485 2945 580 3014; x_wconf 84' lang='lat' dir='ltr'><strong>xiv.</strong></span> <span class='ocrx_word' id='word_1_133' title='bbox 609 2950 662 3014; x_wconf 82' lang='lat' dir='ltr'><strong>De</strong></span> <span class='ocrx_word' id='word_1_134' title='bbox 682 2959 762 3016; x_wconf 80' lang='lat' dir='ltr'><strong>ortu</strong></span> <span class='ocrx_word' id='word_1_135' title='bbox 782 2950 899 3028; x_wconf 74' lang='lat' dir='ltr'><strong>chorii,</strong></span> <span class='ocrx_word' id='word_1_136' title='bbox 922 2950 1067 3018; x_wconf 75' lang='lat' dir='ltr'><strong>umbilici</strong></span> <span class='ocrx_word' id='word_1_137' title='bbox 1079 2961 1113 3016; x_wconf 85' lang='lat' dir='ltr'><strong>et</strong></span> <span class='ocrx_word' id='word_1_138' title='bbox 1125 2950 1351 3036; x_wconf 75' lang='lat' dir='ltr'><strong>cotyledonum</strong></span> <span class='ocrx_word' id='word_1_139' title='bbox 1363 2956 1404 3032; x_wconf 63' lang='grc' dir='ltr'><strong>θ).</strong></span> 
     </span>
    </p>
   </div>
   <div class='ocr_carea' id='block_1_7' title="bbox 310 3079 1406 3368">
    <p class='ocr_par' dir='ltr' id='par_1_7' title="bbox 310 3079 1406 3368">
     <span class='ocr_line' id='line_1_23' title="bbox 397 3079 1406 3171; baseline 0.002 -23"><span class='ocrx_word' id='word_1_140' title='bbox 397 3082 525 3150; x_wconf 83' lang='lat' dir='ltr'><strong>Foetus</strong></span> <span class='ocrx_word' id='word_1_141' title='bbox 547 3079 729 3167; x_wconf 87' lang='lat' dir='ltr'><strong>analogiam</strong></span> <span class='ocrx_word' id='word_1_142' title='bbox 752 3103 829 3148; x_wconf 90' lang='lat' dir='ltr'><strong>com</strong></span> <span class='ocrx_word' id='word_1_143' title='bbox 849 3104 913 3150; x_wconf 90' lang='lat' dir='ltr'><strong>ovo</strong></span> <span class='ocrx_word' id='word_1_144' title='bbox 935 3081 1117 3171; x_wconf 85' lang='lat' dir='ltr'><strong>gallinaceo</strong></span> <span class='ocrx_word' id='word_1_145' title='bbox 1140 3081 1284 3170; x_wconf 86' lang='lat' dir='ltr'><strong>ejusque</strong></span> <span class='ocrx_word' id='word_1_146' title='bbox 1305 3104 1406 3152; x_wconf 88' lang='lat' dir='ltr'><strong>mem-</strong></span> 
     </span>
     <span class='ocr_line' id='line_1_24' title="bbox 310 3180 1404 3268; baseline 0 -18"><span class='ocrx_word' id='word_1_147' title='bbox 310 3183 425 3250; x_wconf 83' lang='lat' dir='ltr'><strong>branis</strong></span> <span class='ocrx_word' id='word_1_148' title='bbox 447 3183 550 3250; x_wconf 84' lang='lat' dir='ltr'><strong>refert</strong></span> <span class='ocrx_word' id='word_1_149' title='bbox 569 3191 694 3247; x_wconf 88' lang='lat' dir='ltr'><strong>noster.</strong></span> <span class='ocrx_word' id='word_1_150' title='bbox 728 3183 881 3250; x_wconf 76' lang='lat' dir='ltr'><strong>&#39;Primum</strong></span> <span class='ocrx_word' id='word_1_151' title='bbox 903 3182 1040 3250; x_wconf 87' lang='lat' dir='ltr'><strong>chorico</strong></span> <span class='ocrx_word' id='word_1_152' title='bbox 1061 3180 1224 3250; x_wconf 83' lang='lat' dir='ltr'><strong>describit</strong></span> <span class='ocrx_word' id='word_1_153' title='bbox 1244 3183 1404 3268; x_wconf 86' lang='lat' dir='ltr'><strong>membra·</strong></span> 
     </span>
     <span class='ocr_line' id='line_1_25' title="bbox 312 3277 1404 3368; baseline 0.002 -19"><span class='ocrx_word' id='word_1_154' title='bbox 312 3303 388 3349; x_wconf 89' lang='lat' dir='ltr'><strong>nam</strong></span> <span class='ocrx_word' id='word_1_155' title='bbox 409 3281 535 3347; x_wconf 82' lang='lat' dir='ltr'><strong>loetum</strong></span> <span class='ocrx_word' id='word_1_156' title='bbox 556 3282 763 3368; x_wconf 81' lang='lat' dir='ltr'><strong>cingentem,</strong></span> <span class='ocrx_word' id='word_1_157' title='bbox 785 3282 886 3350; x_wconf 82' lang='lat' dir='ltr'><strong>fundo</strong></span> <span class='ocrx_word' id='word_1_158' title='bbox 910 3283 994 3351; x_wconf 86' lang='lat' dir='ltr'><strong>uteri</strong></span> <span class='ocrx_word' id='word_1_159' title='bbox 1016 3277 1208 3359; x_wconf 80' lang='lat' dir='ltr'><strong>connatam,</strong></span> <span class='ocrx_word' id='word_1_160' title='bbox 1232 3303 1276 3349; x_wconf 89' lang='lat' dir='ltr'><strong>ex</strong></span> <span class='ocrx_word' id='word_1_161' title='bbox 1297 3284 1404 3361; x_wconf 87' lang='lat' dir='ltr'><strong>venis,</strong></span> 
     </span>
    </p>
   </div>
   <div class='ocr_carea' id='block_1_8' title="bbox 290 3455 517 3480">
    <p class='ocr_par' dir='ltr' id='par_1_8' title="bbox 290 3455 517 3480">
     <span class='ocr_line' id='line_1_26' title="bbox 290 3455 517 3480; baseline -0.004 -9"><span class='ocrx_word' id='word_1_162' title='bbox 290 3455 517 3480; x_wconf 71' lang='lat' dir='ltr'><strong>¹........-s--.--a</strong></span> 
     </span>
    </p>
   </div>
   <div class='ocr_carea' id='block_1_9' title="bbox 313 3559 1405 3737">
    <p class='ocr_par' dir='ltr' id='par_1_9' title="bbox 313 3559 1405 3737">
     <span class='ocr_line' id='line_1_27' title="bbox 397 3559 1405 3646; baseline 0.006 -18"><span class='ocrx_word' id='word_1_163' title='bbox 397 3561 429 3628; x_wconf 88' lang='lat'><strong>1.</strong></span> <span class='ocrx_word' id='word_1_164' title='bbox 475 3559 599 3646; x_wconf 83' lang='lat' dir='ltr'><strong>„Quae</strong></span> <span class='ocrx_word' id='word_1_165' title='bbox 619 3563 768 3628; x_wconf 88' lang='lat' dir='ltr'><strong>abortum</strong></span> <span class='ocrx_word' id='word_1_166' title='bbox 793 3564 935 3630; x_wconf 79' lang='lat' dir='ltr'><strong>iacturae</strong></span> <span class='ocrx_word' id='word_1_167' title='bbox 957 3577 1053 3644; x_wconf 88' lang='lat' dir='ltr'><strong>sunt,</strong></span> <span class='ocrx_word' id='word_1_168' title='bbox 1080 3564 1121 3631; x_wconf 84' lang='lat' dir='ltr'><strong>iis</strong></span> <span class='ocrx_word' id='word_1_169' title='bbox 1144 3588 1301 3634; x_wconf 85' lang='lat' dir='ltr'><strong>mammae</strong></span> <span class='ocrx_word' id='word_1_170' title='bbox 1324 3591 1405 3634; x_wconf 81' lang='lat' dir='ltr'><strong>mnr-</strong></span> 
     </span>
     <span class='ocr_line' id='line_1_28' title="bbox 313 3644 1294 3737; baseline 0.001 -24"><span class='ocrx_word' id='word_1_171' title='bbox 313 3651 488 3714; x_wconf 81' lang='lat' dir='ltr'><strong>ceseunt.“</strong></span> <span class='ocrx_word' id='word_1_172' title='bbox 531 3647 636 3734; x_wconf 82' lang='lat' dir='ltr'><strong>Hipp.</strong></span> <span class='ocrx_word' id='word_1_173' title='bbox 661 3644 747 3712; x_wconf 83' lang='lat' dir='ltr'><strong>Soet.</strong></span> <span class='ocrx_word' id='word_1_174' title='bbox 771 3645 814 3713; x_wconf 91' lang='lat' dir='ltr'><strong>V.</strong></span> <span class='ocrx_word' id='word_1_175' title='bbox 839 3651 964 3737; x_wconf 85' lang='lat' dir='ltr'><strong>Apbor.</strong></span> <span class='ocrx_word' id='word_1_176' title='bbox 990 3651 1046 3727; x_wconf 75' lang='grc'><strong>55.</strong></span> <span class='ocrx_word' id='word_1_177' title='bbox 1062 3684 1103 3700; x_wconf 91' lang='lat'><em>-</em></span> <span class='ocrx_word' id='word_1_178' title='bbox 1291 3665 1294 3672; x_wconf 82' lang='grc'><em>’</em></span> 
     </span>
    </p>
   </div>
   <div class='ocr_carea' id='block_1_10' title="bbox 397 3743 1092 3846">
    <p class='ocr_par' dir='ltr' id='par_1_10' title="bbox 374 3743 1092 3846">
     <span class='ocr_line' id='line_1_29' title="bbox 397 3743 1092 3846; baseline 0.006 -34.872"><span class='ocrx_word' id='word_1_179' title='bbox 397 3747 432 3811; x_wconf 67' lang='lat'><strong>2.</strong></span> <span class='ocrx_word' id='word_1_180' title='bbox 476 3748 564 3812; x_wconf 84' lang='lat' dir='ltr'><strong>conl.</strong></span> <span class='ocrx_word' id='word_1_181' title='bbox 589 3743 763 3812; x_wconf 77' lang='lat' dir='ltr'><strong>Moschion</strong></span> <span class='ocrx_word' id='word_1_182' title='bbox 787 3771 859 3846; x_wconf 85' lang='lat' dir='ltr'><strong>cap.</strong></span> <span class='ocrx_word' id='word_1_183' title='bbox 881 3749 937 3813; x_wconf 74' lang='lat'><strong>45.</strong></span> <span class='ocrx_word' id='word_1_184' title='bbox 960 3774 981 3837; x_wconf 87' lang='lat' dir='ltr'><strong>p</strong></span> <span class='ocrx_word' id='word_1_185' title='bbox 1017 3749 1092 3815; x_wconf 81' lang='lat'><strong>¹50.</strong></span> 
     </span>
    </p>
   </div>
   <div class='ocr_carea' id='block_1_11' title="bbox 313 3837 1459 4526">
    <p class='ocr_par' dir='ltr' id='par_1_11' title="bbox 313 3837 1459 4526">
     <span class='ocr_line' id='line_1_30' title="bbox 395 3837 1392 3936; baseline 0.006 -26"><span class='ocrx_word' id='word_1_186' title='bbox 395 3837 431 3910; x_wconf 71' lang='grc' dir='ltr'><strong>ὗ.</strong></span> <span class='ocrx_word' id='word_1_187' title='bbox 475 3843 564 3912; x_wconf 87' lang='lat' dir='ltr'><strong>Satis</strong></span> <span class='ocrx_word' id='word_1_188' title='bbox 586 3858 732 3924; x_wconf 85' lang='lat' dir='ltr'><strong>constat,</strong></span> <span class='ocrx_word' id='word_1_189' title='bbox 755 3870 871 3912; x_wconf 87' lang='lat' dir='ltr'><strong>omnes</strong></span> <span class='ocrx_word' id='word_1_190' title='bbox 894 3849 961 3914; x_wconf 81' lang='lat' dir='ltr'><strong>lere</strong></span> <span class='ocrx_word' id='word_1_191' title='bbox 983 3849 1181 3916; x_wconf 81' lang='lat' dir='ltr'><strong>anatomicns</strong></span> <span class='ocrx_word' id='word_1_192' title='bbox 1202 3847 1392 3936; x_wconf 85' lang='lat' dir='ltr'><strong>disquisitio</strong></span> 
     </span>
     <span class='ocr_line' id='line_1_31' title="bbox 314 3929 1404 4022; baseline 0.003 -28"><span class='ocrx_word' id='word_1_193' title='bbox 314 3949 375 3994; x_wconf 89' lang='lat' dir='ltr'><strong>nes</strong></span> <span class='ocrx_word' id='word_1_194' title='bbox 396 3929 432 3994; x_wconf 91' lang='lat' dir='ltr'><strong>in</strong></span> <span class='ocrx_word' id='word_1_195' title='bbox 456 3929 570 3996; x_wconf 88' lang='lat' dir='ltr'><strong>bestiis</strong></span> <span class='ocrx_word' id='word_1_196' title='bbox 592 3941 718 3996; x_wconf 86' lang='lat' dir='ltr'><strong>tantum</strong></span> <span class='ocrx_word' id='word_1_197' title='bbox 747 3929 914 3999; x_wconf 85' lang='lat' dir='ltr'><strong>institutas</strong></span> <span class='ocrx_word' id='word_1_198' title='bbox 936 3956 1009 3998; x_wconf 81' lang='lat' dir='ltr'><strong>esec</strong></span> <span class='ocrx_word' id='word_1_199' title='bbox 1031 3933 1247 3999; x_wconf 73' lang='lat' dir='ltr'><strong>unctoribus.</strong></span> <span class='ocrx_word' id='word_1_200' title='bbox 1291 3934 1404 4022; x_wconf 81' lang='lat' dir='ltr'><strong>ltaque.</strong></span> 
     </span>
     <span class='ocr_line' id='line_1_32' title="bbox 313 4003 1404 4092; baseline 0.004 -12"><span class='ocrx_word' id='word_1_201' title='bbox 313 4034 376 4080; x_wconf 86' lang='lat' dir='ltr'><strong>nec</strong></span> <span class='ocrx_word' id='word_1_202' title='bbox 396 4023 511 4080; x_wconf 83' lang='lat' dir='ltr'><strong>uterus</strong></span> <span class='ocrx_word' id='word_1_203' title='bbox 556 4014 686 4081; x_wconf 79' lang='lat' dir='ltr'><strong>ravidus</strong></span> <span class='ocrx_word' id='word_1_204' title='bbox 709 4038 749 4080; x_wconf 86' lang='lat' dir='ltr'><strong>ex</strong></span> <span class='ocrx_word' id='word_1_205' title='bbox 770 4003 937 4084; x_wconf 90' lang='lat' dir='ltr'><strong>bominum</strong></span> <span class='ocrx_word' id='word_1_206' title='bbox 961 4017 1173 4084; x_wconf 83' lang='lat' dir='ltr'><strong>cadaveribus</strong></span> <span class='ocrx_word' id='word_1_207' title='bbox 1196 4017 1347 4084; x_wconf 86' lang='lat' dir='ltr'><strong>dissectis</strong></span> <span class='ocrx_word' id='word_1_208' title='bbox 1361 4018 1404 4092; x_wconf 84' lang='lat' dir='ltr'><strong>iis</strong></span> 
     </span>
     <span class='ocr_line' id='line_1_33' title="bbox 313 4039 1403 4190; baseline 0.001 -24"><span class='ocrx_word' id='word_1_209' title='bbox 313 4097 478 4184; x_wconf 83' lang='lat' dir='ltr'><strong>innotuit,</strong></span> <span class='ocrx_word' id='word_1_210' title='bbox 514 4039 555 4163; x_wconf 76' lang='lat' dir='ltr'><strong>ii</strong></span> <span class='ocrx_word' id='word_1_211' title='bbox 572 4099 671 4186; x_wconf 85' lang='lat' dir='ltr'><strong>quod</strong></span> <span class='ocrx_word' id='word_1_212' title='bbox 699 4099 741 4165; x_wconf 90' lang='lat' dir='ltr'><strong>iis</strong></span> <span class='ocrx_word' id='word_1_213' title='bbox 775 4123 858 4188; x_wconf 87' lang='lat' dir='ltr'><strong>qnae</strong></span> <span class='ocrx_word' id='word_1_214' title='bbox 879 4097 921 4166; x_wconf 87' lang='lat' dir='ltr'><strong>dc</strong></span> <span class='ocrx_word' id='word_1_215' title='bbox 942 4123 1004 4167; x_wconf 87' lang='lat' dir='ltr'><strong>ovo</strong></span> <span class='ocrx_word' id='word_1_216' title='bbox 1027 4104 1169 4172; x_wconf 84' lang='lat' dir='ltr'><strong>bumana</strong></span> <span class='ocrx_word' id='word_1_217' title='bbox 1190 4100 1403 4190; x_wconf 80' lang='lat' dir='ltr'><strong>seripserunt,</strong></span> 
     </span>
     <span class='ocr_line' id='line_1_34' title="bbox 315 4181 1404 4273; baseline 0.002 -25"><span class='ocrx_word' id='word_1_218' title='bbox 315 4181 439 4271; x_wconf 87' lang='lat' dir='ltr'><strong>optime</strong></span> <span class='ocrx_word' id='word_1_219' title='bbox 466 4181 685 4248; x_wconf 77' lang='lat' dir='ltr'><strong>ceolis-mator.</strong></span> <span class='ocrx_word' id='word_1_220' title='bbox 764 4205 934 4273; x_wconf 76' lang='lat' dir='ltr'><strong>numquam</strong></span> <span class='ocrx_word' id='word_1_221' title='bbox 957 4184 1179 4273; x_wconf 77' lang='lat' dir='ltr'><strong>Hippocrates</strong></span> <span class='ocrx_word' id='word_1_222' title='bbox 1198 4184 1241 4264; x_wconf 57' lang='lat' dir='ltr'><strong>‚in</strong></span> <span class='ocrx_word' id='word_1_223' title='bbox 1263 4186 1341 4258; x_wconf 83' lang='lat' dir='ltr'><strong>libr.</strong></span> <span class='ocrx_word' id='word_1_224' title='bbox 1364 4185 1404 4262; x_wconf 83' lang='lat' dir='ltr'><strong>de</strong></span> 
     </span>
     <span class='ocr_line' id='line_1_35' title="bbox 314 4263 1404 4359; baseline -0.002 -25"><span class='ocrx_word' id='word_1_225' title='bbox 314 4265 469 4334; x_wconf 82' lang='lat' dir='ltr'><strong>carnibus</strong></span> <span class='ocrx_word' id='word_1_226' title='bbox 491 4290 528 4355; x_wconf 92' lang='lat' dir='ltr'><strong>p.</strong></span> <span class='ocrx_word' id='word_1_227' title='bbox 550 4265 639 4350; x_wconf 69' lang='lat'><strong>254,</strong></span> <span class='ocrx_word' id='word_1_228' title='bbox 671 4263 706 4332; x_wconf 90' lang='lat' dir='ltr'><strong>in</strong></span> <span class='ocrx_word' id='word_1_229' title='bbox 729 4265 805 4336; x_wconf 89' lang='lat' dir='ltr'><strong>libr.</strong></span> <span class='ocrx_word' id='word_1_230' title='bbox 826 4269 868 4336; x_wconf 88' lang='lat' dir='ltr'><strong>de</strong></span> <span class='ocrx_word' id='word_1_231' title='bbox 896 4283 1009 4334; x_wconf 85' lang='lat' dir='ltr'><strong>natura</strong></span> <span class='ocrx_word' id='word_1_232' title='bbox 1029 4270 1124 4355; x_wconf 84' lang='lat' dir='ltr'><strong>pueri</strong></span> <span class='ocrx_word' id='word_1_233' title='bbox 1146 4295 1180 4359; x_wconf 93' lang='lat' dir='ltr'><strong>p.</strong></span> <span class='ocrx_word' id='word_1_234' title='bbox 1202 4269 1271 4334; x_wconf 72' lang='lat'><strong>256</strong></span> <span class='ocrx_word' id='word_1_235' title='bbox 1293 4281 1325 4336; x_wconf 85' lang='lat' dir='ltr'><strong>et</strong></span> <span class='ocrx_word' id='word_1_236' title='bbox 1345 4271 1404 4353; x_wconf 76' lang='lat'><strong>57,</strong></span> 
     </span>
     <span class='ocr_line' id='line_1_36' title="bbox 313 4349 1459 4442; baseline 0.005 -29"><span class='ocrx_word' id='word_1_237' title='bbox 313 4361 346 4414; x_wconf 84' lang='lat' dir='ltr'><strong>st</strong></span> <span class='ocrx_word' id='word_1_238' title='bbox 367 4349 402 4415; x_wconf 89' lang='lat' dir='ltr'><strong>in</strong></span> <span class='ocrx_word' id='word_1_239' title='bbox 425 4350 500 4416; x_wconf 91' lang='lat' dir='ltr'><strong>libr.</strong></span> <span class='ocrx_word' id='word_1_240' title='bbox 524 4351 565 4418; x_wconf 91' lang='lat' dir='ltr'><strong>de</strong></span> <span class='ocrx_word' id='word_1_241' title='bbox 586 4352 712 4417; x_wconf 87' lang='lat' dir='ltr'><strong>morbis</strong></span> <span class='ocrx_word' id='word_1_242' title='bbox 732 4352 864 4418; x_wconf 88' lang='lat' dir='ltr'><strong>mulier.</strong></span> <span class='ocrx_word' id='word_1_243' title='bbox 887 4377 920 4442; x_wconf 92' lang='lat' dir='ltr'><strong>p.</strong></span> <span class='ocrx_word' id='word_1_244' title='bbox 937 4353 1009 4426; x_wconf 84' lang='lat' dir='ltr'><strong>lillll</strong></span> <span class='ocrx_word' id='word_1_245' title='bbox 1024 4365 1082 4422; x_wconf 86' lang='lat' dir='ltr'><strong>etc.</strong></span> <span class='ocrx_word' id='word_1_246' title='bbox 1106 4377 1203 4427; x_wconf 86' lang='lat' dir='ltr'><strong>ovum</strong></span> <span class='ocrx_word' id='word_1_247' title='bbox 1226 4355 1400 4420; x_wconf 87' lang='lat' dir='ltr'><strong>bumanom</strong></span> <span class='ocrx_word' id='word_1_248' title='bbox 1454 4358 1459 4362; x_wconf 82' lang='grc'><strong>’</strong></span> 
     </span>
     <span class='ocr_line' id='line_1_37' title="bbox 313 4433 1448 4526; baseline 0.005 -29"><span class='ocrx_word' id='word_1_249' title='bbox 313 4456 349 4498; x_wconf 88' lang='lat' dir='ltr'><strong>se</strong></span> <span class='ocrx_word' id='word_1_250' title='bbox 371 4435 553 4504; x_wconf 84' lang='lat' dir='ltr'><strong>accuratius</strong></span> <span class='ocrx_word' id='word_1_251' title='bbox 573 4433 758 4524; x_wconf 83' lang='lat' dir='ltr'><strong>inspexisse</strong></span> <span class='ocrx_word' id='word_1_252' title='bbox 780 4435 873 4524; x_wconf 89' lang='lat' dir='ltr'><strong>dicit,</strong></span> <span class='ocrx_word' id='word_1_253' title='bbox 895 4461 956 4508; x_wconf 90' lang='lat' dir='ltr'><strong>uec</strong></span> <span class='ocrx_word' id='word_1_254' title='bbox 978 4450 1085 4506; x_wconf 84' lang='lat' dir='ltr'><strong>tamen</strong></span> <span class='ocrx_word' id='word_1_255' title='bbox 1108 4439 1286 4526; x_wconf 83' lang='lat' dir='ltr'><strong>quidquam</strong></span> <span class='ocrx_word' id='word_1_256' title='bbox 1308 4459 1402 4505; x_wconf 89' lang='lat' dir='ltr'><strong>accu·</strong></span> <span class='ocrx_word' id='word_1_257' title='bbox 1442 4457 1448 4464; x_wconf 87' lang='lat'><em>·</em></span> 
     </span>
    </p>
   </div>
   <div class='ocr_carea' id='block_1_12' title="bbox 0 0 1564 5070">
    <p class='ocr_par' dir='ltr' id='par_1_12' title="bbox 0 0 1564 5070">
     <span class='ocr_line' id='line_1_38' title="bbox 0 0 1564 5070; baseline 0 0"><span class='ocrx_word' id='word_1_258' title='bbox 0 0 1564 5070; x_wconf 95' lang='lat' dir='ltr'><strong> </strong></span> 
     </span>
    </p>
   </div>
  </div>
 </body>
</html>
