3104 5070
573 439 611 452 -
658 364 811 466 ιιἻ-,
857 377 867 388 ’

151 719 310 790 CAPUT
333 717 395 784 xl.
440 717 533 784 Nona
554 678 709 784 abortivis
731 713 945 806 remediisque
965 704 1203 797 ‘conceptionem

158 815 160 824 ’
303 818 552 906 impedientibus
573 819 732 884 utendum
753 817 798 880 sit
817 823 849 878 et
870 811 1041 892 quomodo.

215 925 473 1038 Distinguuntnr
522 951 666 1020 remedia
715 949 967 1034 conceptionem
1014 935 1224 1029 impedientia
1353 957 1356 966 ’

131 1046 284 1136 (deducu)
307 1059 341 1120 et
367 1051 518 1120 abortiva
531 1072 629 1136 ,mera
657 1040 827 1138 (φθόρον).
871 1043 930 1113 llla
952 1047 1120 1133 impedire,
1143 1068 1225 1136 qun-

130 1153 238 1242 minus
261 1141 435 1238 conceptio
456 1150 514 1219 fiat
522 1177 532 1232 3
566 1149 651 1220 haec
674 1149 825 1232 efficere,
855 1154 892 1214 nt
913 1145 1004 1234 quod
1026 1155 1226 1233 conceptum

129 1252 203 1334 fuit,
226 1241 465 1338 corrumpatur.
509 1251 575 1318 His
597 1251 751 1318 remediis
776 1257 844 1318 tum
868 1269 947 1316 esse
968 1244 1094 1331 locum,
1124 1268 1226 1334 quum

127 1358 245 1437 partus
271 1353 407 1440 gravior
433 1351 719 1440 periculosiorque
746 1353 927 1424 immineam
961 1351 1140 1438 praecipue
1169 1367 1225 1414 an·

127 1458 263 1537 gustum
290 1454 377 1520 uteri
405 1451 526 1528 collum
556 1458 614 1520 aut
635 1454 721 1519 uteri
748 1452 852 1517 totins
878 1451 1098 1536 parvitatem,
1118 1456 1225 1516 tuno·

130 1573 185 1619 res
207 1553 283 1619 dein
305 1554 338 1621 iu
360 1555 445 1619 uteri
465 1551 589 1619 orificio
619 1550 750 1638 aliaque
779 1551 932 1638 cujusvis
963 1551 1096 1635 generis
1122 1551 1226 1634 impe·
1323 1593 1329 1602 ,
1443 1555 1508 1593 ,-

132 1651 277 1718 dimenta
298 1652 490 1735 mechanica
512 1674 623 1724 eorum
645 1671 740 1718 nsum
763 1653 931 1737 requirere
944 1652 979 1734 ¹).
1008 1647 1130 1715 Melius
1145 1669 1226 1717 vero

132 1763 230 1832 esse,
266 1751 424 1834 impedire
452 1755 634 1838 quominus!
658 1753 833 1834 conceptio
863 1749 940 1832 fiat,
975 1770 1073 1836 quam
1102 1749 1227 1815 loetum

131 1845 294 1916 abortivis
322 1870 455 1916 necare.
500 1851 648 1916 Aliorum
670 1857 840 1920 auctorum
862 1851 1054 1938 opiniones,
1080 1849 1228 1936 inprimis

130 1947 349 2036 Hippocratis
363 1951 392 2033 ²)
420 1949 616 2034 afferuntur,
643 1950 701 2038 qni
728 1948 860 2043 quidem
888 1947 1103 2016 medicamina
1128 1947 1226 2016 abor·

131 2124 335 2138 ——00—0-..0—-5-
378 2125 382 2134 ¹

174 2219 179 2234 ⁸
203 2234 256 2298 ’1.
299 2232 390 2320 ldem
420 2234 576 2323 proponit
598 2233 771 2306 Moschion
800 2255 872 2322 cap.
895 2231 950 2299 dd.
974 2256 1007 2318 p.
1033 2231 1107 2296 150.
1131 2229 1229 2315 „Alii

131 2326 238 2383 antem
261 2317 419 2384 abortivis
450 2321 606 2384 utendum
635 2328 789 2394 censent,
827 2338 908 2404 qnae
936 2339 1042 2404 neque
1070 2315 1227 2382 adulteria

132 2424 241 2489 neque
271 2401 357 2467 lueri
385 2425 481 2466 causo
510 2403 714 2468 admoveant.
761 2401 798 2465 Si
829 2423 906 2466 vero
935 2403 1088 2467 callosam
1118 2402 1227 2465 carnia

59 2495 61 2498 '
133 2485 406 2570 excresceitiam,
434 2497 490 2552 ant
518 2486 607 2552 aliud
636 2487 906 2574 impedimentum
934 2488 969 2552 iu
992 2486 1076 2551 uteri
1100 2484 1227 2550 orilicio

131 2571 285 2636 habuerit
304 2570 440 2646 mulier,
471 2582 503 2635 et
529 2572 578 2636 aie
600 2572 808 2658 conceperim
837 2570 939 2634 satius
961 2571 1049 2658 qnod
1073 2570 1226 2656 concepit

111 2653 280 2722 ·abortivo
308 2654 500 2741 depelletitr.
543 2655 643 2722 Tales
674 2656 761 2722 enirn
794 2677 867 2720 eum
896 2655 1009 2744 partus
1038 2654 1108 2720 dies
1131 2655 1246 2723 adite·⁴

133 2738 233 2818 uerit,
262 2736 353 2803 foetu
375 2761 545 2827 perperam
569 2741 691 2805 exitum
720 2739 894 2813 moliente,
918 2739 1124 2823 moriuntur3
1154 2759 1228 2826 par·

132 2824 309 2888 turientem
333 2827 420 2888 enim
443 2820 622 2911 periclitari
645 2846 777 2887 necesse
801 2825 889 2891 est.“

212 2919 248 2986 B.
278 2921 439 2987 Memorat
458 2923 512 2986 hic
527 2933 642 2987 auctor
657 2921 868 3007 Hippocratis
882 2921 1005 2984 librum
1028 2920 1097 3004 „de
1112 2929 1228 2986 natura

132 3007 257 3092 pueri“
274 3007 365 3070 hisee
380 3004 489 3069 verbis
513 2997 596 3082 „tat
611 3006 669 3072 nul
683 2995 747 3073 adn
759 2995 999 3090 Ἱπποκράτην
1014 2993 1228 3090 παραιτησά·

132 3109 241 3170 μονον
276 3081 320 3154 od
350 3077 481 3174 φθόρια
517 3088 730 3176 παραλαβεῖν
765 3093 800 3154 ἐν
831 3090 877 3176 τῷ
910 3090 1011 3172 περὶ
1042 3085 1227 3154 παιδίον

134 3163 298 3257 φύσεως
320 3171 473 3259 ἐκβαλεῖν
494 3163 595 3260 χάριν
617 3165 657 3238 nd
678 3165 765 3261 πρὸς
786 3166 898 3260 ποινὰς
919 3173 1045 3260 anticio.
1086 3170 1247 3276 Γερένφ·ι

132 3278 191 3332 ται
220 3254 256 3324 di
280 3245 415 3356 'pudore’
447 3259 480 3322 oi
507 3250 657 3356 ptar'yoip
691 3250 890 3346 ἐκβάλλουσι
912 3251 955 3322 eoi
979 3247 1130 3346 φθόρια,
1160 3279 1227 3360 αρν
1285 3279 1289 3286 ’

11 3361 15 3368 ·
128 3333 383 3428 Ἰπποιιραοονς
403 3341 694 3429 προςιιαλονμονοι
707 3339 907 3441 μαρτυρίαν
921 3341 1078 3430 λέγοντος
1093 3337 1165 3408 οὐδο
1183 3362 1226 3406 αν

132 3420 246 3492 οὐθενὶ
270 3415 431 3512 φθόριον,
453 3423 511 3490 καὶ
535 3421 589 3490 ὅτι
612 3427 676 3516 τῆς
698 3428 856 3512 ἰαοριαης
878 3426 969 3494 ἐστὶν
994 3424 1082 3491 ἴδιον
1104 3424 1144 3498 τό
1167 3449 1226 3512 νη·

130 3521 202 3588 pete
232 3509 291 3574 nui
322 3511 437 3588 οαζοιν
463 3504 506 3574 aci
529 3501 722 3598 γεννώμενα
742 3503 812 3576 ὑπὸ
835 3511 899 3595 τῆς
922 3499 1052 3597 φύσεος
1073 3513 1161 3576 etc.“
1184 3539 1227 3558 -

128 3592 180 3660 Ex
193 3596 253 3658 hae
275 3596 450 3662 verborum
465 3592 679 3696 Hippocratis
701 3595 921 3682 explicatione
942 3591 1073 3659 elucere
1088 3593 1228 3674 videtur,
1342 3638 1347 3642 -

133 3701 296 3744 summum
323 3681 413 3748 huuc
442 3681 606 3747 medicum
631 3701 699 3746 non
728 3699 839 3755 secum
868 3701 1052 3766 pugnasse,
1080 3677 1115 3741 in
1134 3678 1226 3762 jure·

129 3760 281 3908 {itaritndaoe
294 3763 442 3864 abortiva
459 3764 618 3864 petendo,
646 3762 791 3912 ³¹¹3l⁵bf⁰
814 3774 920 3914 antplm
942 3763 984 3912 ge
1002 3772 1116 3911 natltlipa
1132 3762 1228 3861 pueri

207 3868 241 3906 an
311 3869 378 3911 πο
425 3869 490 3913 νν
571 3870 649 3914 νπ
722 3871 778 3916 σαι
813 3871 995 3914 suasae.
1091 3869 1244 3910 aenim-

45 3945 51 3958 “
131 3927 297 4008 abortiva,
327 3868 725 3996 aitcsoianiiimeniiair
751 3923 886 4016 φθόρια
907 3944 963 3995 ant
985 3921 1127 4014 ἆτὸιιια,
1157 3916 1237 3996 οιιι(

131 4012 213 4077 nino
236 4012 276 4076 ab
300 4012 339 4079 H.
363 4012 617 4094 rc‘iciebantnr,
651 4015 714 4077 linc
738 4037 813 4078 vero
836 4015 1031 4095 remedium,
1061 4013 1148 4100 quod
1177 4015 1226 4078 di·
1334 4075 1338 4082 .

131 4117 260 4160 vasum
290 4096 331 4160 ab
359 4037 537 4181 ninnive,
567 4091 721 4184 ἐαβόλιον
744 4120 860 4187 nempe
882 4121 956 4164 esse
988 4101 1018 4164 ei
1041 4099 1226 4180 videbatur,

131 4180 280 4246 adhiberi
304 4182 418 4248 voluit.
447 4181 517 4250 Nec
538 4183 679 4248 fortasse
703 4184 778 4248 intle
801 4183 886 4249 rnale
908 4183 1082 4268 conjicias,
1105 4183 1226 4247 librum

129 4264 224 4332 illum
246 4266 287 4331 de
310 4277 421 4332 natura
444 4267 551 4353 pueri,
574 4270 631 4356 qui
652 4269 758 4334 adhuc
779 4269 822 4334 ob
845 4269 934 4335 illam
958 4269 1063 4358 ipsius
1084 4265 1227 4335 auctoris
1314 4289 1320 4312 ι

130 4349 312 4416 sentcntiae
341 4351 596 4440 discrepantiam
626 4353 865 4444 suppositicius
897 4354 1088 4434 habebatur,
1112 4349 1226 4438 genui·

73 4532 75 4541 Δ
112 4455 210 4522 gnum
234 4449 305 4502 esse
328 4435 542 4526 Hippocratis
566 4439 664 4526 opus.
