3104 5070
149 704 299 776 csend
325 701 419 773 XIX·
466 701 557 790 Quod
586 701 793 768 ssodmdarsr
827 699 871 766 ait
904 697 1100 766 numero
1123 708 1240 786 porus·
1360 743 1368 794 1

586 800 759 867 aientibus.
771 809 797 880 ¹)

43 937 52 962 '
126 957 148 1017 f
236 955 360 1024 Paucis
381 954 569 1040 exponitur,
592 950 758 1038 quomodo
771 951 910 1036 spiritus
925 945 1096 1016 domnius
1111 947 1154 1015 ad
1168 969 1241 1035 pur·

148 1062 219 1124 tum
240 1052 435 1133 durantibus
457 1051 501 1120 ad
521 1049 650 1126 infimas
670 1053 821 1136 corporis
840 1054 953 1134 portes
973 1049 1155 1134 premendi,
1176 1070 1241 1118 nec

150 1173 230 1222 vero
252 1157 287 1220 in
309 1151 394 1221 collo
414 1155 481 1220 sint
502 1151 682 1226 retinendi,
711 1153 779 1238 qno
806 1149 941 1236 quidem
963 1150 996 1214 in
1018 1169 1101 1216 casn
1121 1148 1241 1220 malurn

150 1251 344 1335 insanabile,
365 1250 598 1336 bronchocele‚
619 1270 817 1342 aueurysma
838 1252 986 1336 topicum
1012 1251 1111 1316 etiam
1138 1251 1241 1318 nomi-

148 1358 275 1438 natruu,
293 1354 473 1420 exoriatur.

609 1480 798 1488 μ-

152 1667 302 1737 CAPUT
323 1667 402 1737 XX.
451 1669 526 1760 Quo
550 1679 692 1756 tempore
711 1668 967 1755 praetoriensis
993 1668 1074 1736 aeliu
1096 1669 1241 1738 obstetri-

526 1769 573 1836 cia
594 1769 639 1833 sil
657 1767 855 1834 collocando.

232 1914 417 1984 Dolorilrus
437 1916 481 1984 ad
502 1921 632 2003 parturn
651 1916 850 1983 intrantibus
870 1920 1052 2004 parientem
1078 1937 1241 2006 nonpro·
1275 1931 1282 1954 ⁸

148 2019 239 2084 tinus
259 2018 293 2082 in
312 2015 397 2112 sella
417 2037 498 2084 esse
520 2014 761 2097 collocandam,
782 2013 845 2083 sed
866 2018 961 2102 prius
974 2017 1241 2104 situmemlrryo-

148 2119 202 2183 nis
221 2116 473 2203 abdominisqne
494 2116 715 2184 conditionem
732 2115 974 2202 respiciendam
992 2134 1081 2182 esse.
1124 2115 1165 2184 Si
1184 2116 1241 2182 ab·

123 2299 128 2305 ,
150 2217 269 2284 domen
291 2236 443 2302 magnum
462 2219 510 2284 sit
531 2221 567 2282 et
587 2222 826 2297 antro'versum‚
847 2218 946 2283 sitnm
960 2217 1150 2298 resupinum
1164 2235 1243 2284 esse

149 2315 491 2397 recommenoaudum,
510 2315 637 2381 femora
658 2316 875 2400 cpigastrium
896 2333 1017 2380 versus
1031 2312 1240 2396 adducenda,

141 2413 332 2480 -olrstetrice
354 2413 397 2480 ad
418 2412 572 2480 solatium
592 2415 817 2502 praebendum
830 2416 1026 2485 assistente.
1072 2411 1146 2498 Quo
1160 2436 1241 2482 vero

148 2517 298 2598 tempore
318 2512 476 2582 orificium
496 2516 582 2584 uteri
604 2515 759 2584 dehiscat
784 2520 820 2584 et
847 2514 951 2584 chorii
977 2519 1112 2602 ruptura
1138 2517 1242 2584 inrui·

149 2617 239 2697 neat,
260 2616 496 2699 parturientem
517 2614 552 2680 io
572 2613 690 2700 sella¹)
713 2613 941 2685 collocandam
961 2613 1090 2697 essr⁸),

233 2882 266 2947 ι.
310 2878 410 2946 conr.
433 2883 510 2948 ser.
536 2881 720 2947 urrann.
742 2881 803 2948 ιι.
832 2881 982 2946 sermon.
1003 2881 1062 2948 ιι.
1078 2852 1162 2968 'ap
1183 2881 1240 2945 ιι.

235 2962 271 3027 9.
294 2962 347 3028 De
367 2963 449 3030 sella
471 2965 609 3030 obstate.
632 2965 667 3029 iu
688 2975 769 3052 cap-²
783 2963 887 3030 XXX
908 2965 1008 3051 lrnjns
1030 2963 1111 3028 diss.
1136 2965 1241 3030 fusius

126 3047 341 3112 disseretur.
487 3108 490 3114 ,
1188 3053 1193 3062 ’

234 3132 273 3232 ὅ..
315 3129 532 3217 Hippocrates
559 3131 594 3232 in
623 3141 719 3234 partu
754 3131 893 3196 naturali
921 3131 1007 3232 ⁸lecti
1044 3131 1242 3195 mentionem

149 3214 241 3299 insit,
263 3237 298 3278 ru
322 3226 415 3301 partu
439 3233 516 3281 vero
536 3215 732 3295 difficiliore,
755 3227 822 3280 tunr
845 3229 985 3280 maxime
1007 3235 1109 3304 quum
1125 3237 1243 3304 seruos

151 3300 249 3364 dinae
271 3320 338 3362 non
361 3299 469 3361 statim
493 3312 688 3386 seqtruntur,
711 3299 823 3378 lasauo
846 3301 1005 3365 utendum
1028 3308 1239 3364 antemonet.

151 3382 271 3448 Celeus
293 3381 334 3445 de
356 3382 421 3446 situ
452 3383 608 3470 resupino
637 3381 769 3470 quidem
798 3383 833 3446 in
862 3385 947 3450 lecto
978 3395 1165 3449 transverso
1194 3382 1241 3446 lo·

149 3469 276 3617 illlis
302 3465 1242 3652 'iiiiii‘l„liiiil·?'lle>‘¹3':t‘⁰iiltili':i

150 3635 374 3780 ffimepwti’
397 3635 450 3699 sui
471 3636 627 3784 coprsilpo,¹
656 3575 744 3724 quii
766 3636 802 3736 ip
830 3647 928 3782 partu
958 3617 1096 3781 uorsusdli
1119 3634 1242 3697 faciem

152 3727 341 3864 sill..
354 3727 666 3878 litantis?
675 3741 759 3869 „ii
771 3731 1069 3868 sicilicis
1083 3739 1140 3864 ti
1154 3727 1243 3886 iii?
1296 3795 1303 3804 ³

155 3881 340 3947 altudinem
361 3883 404 3945 in'
419 3883 544 3950 orificio
566 3888 652 3950 uteri
673 3887 890 3973 protuberans
912 3886 1147 3966 invenerimus,
1170 3907 1241 3948 eanr

154 3967 191 4030 in
227 3964 332 4030 sedile
366 3967 640 4034 usnsleremus.“
685 3968 829 4033 Galenus
864 3969 927 4049 (ds
956 3977 1063 4033 natur.
1092 3967 1240 4032 incultui.

36 4084 40 4089 ⁴
154 4048 232 4115 Lib.
253 4047 311 4114 111.
345 4069 418 4140 cap.
441 4051 494 4130 ὅ.)
529 4051 663 4128 undem
699 4053 825 4139 profert
860 4053 1073 4130 senteutiam,
1108 4051 1240 4116 dicensi

152 4130 375 4218 „obstetrices
396 4133 489 4220 ipsae
510 4158 579 4201 non
602 4136 693 4202 illico
715 4137 932 4223 parturientes
954 4157 1089 4222 surgere
1106 4135 1241 4222 jubent,

153 4238 216 4282 nec
237 4215 273 4281 in
295 4215 376 4281 sella
398 4219 579 4304 collocaut3
602 4255 644 4268 -
672 4233 904 4306 postremo,
932 4243 1033 4308 quum
1060 4219 1099 4284 ad
1128 4229 1241 4306 partus

153 4299 328 4366 transitum
355 4301 437 4366 satis
464 4313 554 4389 patet
581 4308 634 4382 (oe
662 4303 793 4386 vulvae)
822 4325 957 4390 surgere
991 4303 1158 4370 mulierem
1185 4301 1240 4386 Ju-

152 4383 246 4464 hant,
269 4393 302 4448 et
319 4383 355 4448 io
378 4385 538 4451 subsellio
560 4388 764 4454 collocant.“
808 4386 890 4454 Cum
920 4389 1011 4454 hisce
1032 4387 1241 4452 consentiunt

153 4465 271 4534 Aetius
287 4464 488 4550 <Tetrinius
511 4469 572 4538 Ν.
593 4470 701 4538 Seruo.
716 4469 774 4550 Νι
796 4493 868 4561 cap.
885 4470 1028 4556 xxii),
1056 4467 1152 4536 Paul.
1175 4470 1240 4534 Ae·
