3104 5070
751 415 973 490 ..ῃ-

248 632 253 658 ¹
316 643 383 713 tur,
406 627 440 696 et'
462 630 557 695 'crura
580 624 668 693 intus
690 602 776 691 iuter
796 647 836 694 se
859 629 1068 700 diducuntur.
1118 631 1411 716 Reliquisgtarneu

205 783 209 789 .
315 729 429 816 liguris
459 730 567 794 minu's
597 732 757 812 suspecta
785 735 838 793 est
867 749 907 794 ea
937 753 1023 818 quae
1053 735 1084 800 iu
1107 721 1218 817 p'cdes¹
1237 731 1411 815 contingit,

132 855 134 862 ·
214 895 217 902 ,
316 831 492 915 praecipue
508 830 539 893 si
561 826 713 893 manibus
735 849 837 913 super
857 835 998 920 utroque
1014 833 1137 898 femore
1153 833 1297 900 extentis
1313 821 1413 915 p'rod·

316 937 380 996 eat
400 928 529 994 Foctus
552 947 642 1002 vero,
666 930 723 1013 qui
743 925 848 994 altero
873 930 958 1015 pedo
980 933 1160 1019 prodeunt,
1182 929 1288 996 altero
1308 930 1412 996 'intus

316 1029 464 1104 detento,
488 1032 547 1094 aut
568 1025 727 1111 duplicati
748 1026 844 1096 alicui
873 1029 991 1097 vulvae
1021 1021 1114 1118 p'arti
1132 1032 1330 1114 innituntur,
1363 1029 1411 1096 di·

316 1132 464 1198 rections
484 1128 642 1212 indigent,
666 1132 755 1194 sicut
787 1135 822 1194 ct
850 1133 913 1216 qui
935 1152 1050 1199 manus
1075 1152 1243 1218 expassas
1273 1129 1409 1222 babent.

317 1227 491 1297 Caeterum
518 1229 575 1314 qui
602 1225 728 1314 obliqui
757 1229 936 1313 prodeunt3
958 1235 1054 1298 nimis
1082 1231 1291 1320 improbandi
1308 1237 1410 1312 sunt,

195 1401 204 1410 ,
233 1387 236 1396 .
316 1338 351 1397 et
373 1327 436 1400 boc
458 1326 632 1414 tripliciter
653 1329 843 1416 contingere
866 1335 990 1415 potest,
1014 1338 1072 1398 aut
1099 1331 1247 1412 enimin
1277 1328 1411 1395 alterut-
1473 1370 1476 1382 ·

267 1437 269 1445 ’
316 1430 386 1496 rum
415 1429 523 1513 latus,
557 1433 614 1493 aut
634 1429 667 1494 iu
694 1437 842 1494 ventrem
863 1426 1038 1514 prodeunt.
1083 1427 1156 1499 sed
1177 1433 1281 1498 tutius
1305 1437 1358 1496 est
1379 1433 1412 1496 iu

315 1531 403 1598 latua
418 1527 588 1617 progredi:
611 1530 658 1592 ita
677 1529 764 1593 euim
787 1527 986 1596 obstetricis
1000 1527 1109 1619 manui
1131 1531 1226 1597 locus
1242 1530 1349 1610 datur,
1373 1537 1410 1596 ut

174 1687 179 1695 .
315 1635 349 1697 iu
371 1638 473 1716 caput
494 1614 551 1694 aut
572 1627 679 1713 pedes
701 1636 896 1696 nascentem
918 1631 1049 1717 dirigat.
1095 1635 1141 1699 At
1169 1635 1225 1719 qui
1254 1613 1412 1714 dupilicati

230 1741 237 1752 “
317 1731 492 1818 prodeunt,
515 1731 548 1793 iu
570 1730 749 1814 pessimam
770 1729 905 1816 figuram
927 1728 1034 1817 illapsi
1056 1721 1313 1813 suut,'maxime
1335 1733 1411 1795 siin

317 1851 474 1897 coxarum
505 1828 677 1896 vertebras
706 1829 904 1898 deierantur.
935 1830 1138 1918 ‘'l'ripliciter
1166 1838 1274 1897 autern
1304 1830 1405 1917 dupli·

263 1925 272 1934 '
317 1933 392 1997 cari¹
406 1928 529 1996 solent:
552 1949 626 1995 nam
644 1925 703 1996 'vcl
725 1932 834 2014 capite
856 1937 891 1997 ct
919 1931 1089 2014 cruribus,
1111 1927 1166 1997 vel
1196 1937 1332 2012 ventre,
1355 1929 1410 1996 vel
1547 1936 1550 2016 J

221 2035 227 2042 '
317 2050 475 2098 coxarum
497 2029 675 2110 vertebris,
698 2028 815 2095 osculo
837 2033 922 2096 uteri
944 2029 1154 2106 incumbuut3
1178 2051 1293 2096 verum
1314 2051 1409 2116 prac-

315 2137 385 2197 stat
406 2125 555 2197 uentrem
575 2129 776 2206 incumbere,
801 2151 841 2194 co
864 2131 950 2196 enim
973 2153 993 2196 a
1015 2129 1113 2196 nobis
1134 2129 1285 2196 dissecto
1306 2131 1340 2196 e't
1360 2133 1409 2194 in·

318 2234 460 2298 terancis
482 2234 656 2318 exemptis,
682 2229 877 2297 considente
899 2229 1098 2322 corpusculo
1119 2230 1226 2327 ¹facilis
1254 2235 1309 2296 est
1328 2229 1409 2316 figo·

279 2367 285 2384 ·
315 2353 371 2398 rae
393 2333 700 2410 transmutatio.“¹)
1136 2377 1140 2384 ,

386 2429 555 2512 ¹Partibus
583 2429 708 2496 iustum
738 2429 994 2510 excludentibus
1023 2429 1084 2495 bas
1113 2431 1225 2498 inesse
1248 2449 1406 2497 caussas:

305 2533 401 2620 'uteri
428 2529 585 2600 orificium
612 2535 670 2594 aut
697 2527 816 2596 collum
845 2524 941 2593 uirbis
970 2535 1106 2613 parvum
1133 2537 1192 2596 aut
1219 2537 1408 2616 angustum,

316 2633 572 2698 stricturasaut
592 2631 737 2698 ocresias
764 2627 953 2712 genitalium
976 2631 1288 2715 (pullicum),
1310 2632 1409 2696 situm

315 2727 392 2796 colli
419 2731 504 2793 uteri
530 2726 698 2814 obliquum
713 2733 759 2810 ¹),
790 2717 1094 2810 inflammationem,
1125 2729 1324 2796 abscessum
1352 2741 1409 2797 aut

200 2817 204 2827 ’
239 2887 243 2896 ,
299 2829 558 2925 ,indurationem
586 2825 701 2896 barum
721 2829 882 2914 partium,
915 2829 1045 2898 nimiam
1074 2821 1262 2916 meniugirm
1283 2815 1438 2898 loctum'

316 3057 416 3122 quum
440 3055 476 3096 sc
498 3033 608 3118 ipsum
631 3030 735 3109 offert,
757 3037 789 3092 ct
809 3025 1010 3116 sicquidem
1033 3030 1224 3118 aliquando,
1248 3041 1283 3096 ut
1298 3053 1339 3096 uc
1356 3053 1403 3094 ra·

315 3118 413 3205 primi
426 3116 560 3203 quidem
574 3113 716 3202 possit.“
732 3149 775 3160 -
797 3113 926 3196 Aetius,
942 3115 1116 3202 Acgiucta,
1132 3115 1301 3180 Aviccnua
1317 3115 1404 3180 idem

315 3211 506 3266 statuerunt.
528 3233 571 3249 «-
613 3195 855 3262 Recentissimo
883 3198 1011 3268 demum
1049 3208 1193 3287 temporo
1223 3223 1325 3287 quum
1355 3209 1420 3264 vav=

285 3345 291 3356 ,
315 3288 361 3352 ria
374 3286 414 3348 ad
424 3284 554 3384 pclvcm
567 3279 762 3346 metiendam
775 3281 989 3350 iustrumenta
1005 3296 1116 3347 essent
1131 3285 1276 3366 irrvuuta,
1287 3283 1408 3372 quibus

315 3370 400 3436 ratio
422 3379 511 3434 auter
531 3366 644 3430 matria
665 3367 790 3455 pelvem
814 3379 847 3430 ct
868 3380 966 3452 caput
986 3366 1122 3432 infantis
1144 3368 1266 3432 clarius
1281 3369 1407 3456 perspi·

316 3464 463 3532 ccrctur‚·
488 3450 623 3516 modicia
645 3451 797 3537 contigit,
826 3462 863 3513 ut
884 3451 1042 3514 facillime
1065 3452 1212 3516 diversos
1241 3452 1326 3516 situs
1354 3475 1407 3516 ca·

317 3538 395 3626 pitis
422 3535 558 3600 infantia
580 3535 764 3600 accuratius
785 3534 930 3600 linirent.

400 3623 429 3683 l.
472 3618 660 3684 Mirandum
693 3633 760 3698 cat,
798 3617 887 3705 quod
913 3616 968 3681 bic
999 3617 1008 3679 i
1036 3639 1071 3681 sc
1106 3616 1197 3680 loeus
1230 3618 1272 3680 ab
1306 3617 1432 3690 Atilio,

317 3703 513 3790 (Tetrabibl.
535 3703 594 3768 lV.
620 3693 807 3769 SermslV.
831 3723 903 3787 cap.
926 3640 1053 3782 Xle)
1075 3702 1158 3787 Asp.
1188 3699 1275 3764 asiae
1302 3700 1404 3784 assig-
1538 3796 1543 3808 ι

317 3803 426 3855 natum
450 3787 556 3854 luerit.
769 3853 774 3864 ,
1080 3837 1084 3844 .
1435 3829 1439 3838 a

399 3875 432 3936 il·
477 3871 699 3958 Hippocrates
734 3865 885 3954 pluribus
915 3866 949 3929 ia
978 3864 1062 3928 locis
1099 3863 1173 3930 libr.
1205 3865 1247 3929 dc
1281 3863 1406 3930 morbis

317 3957 440 4038 mulier.
461 3957 523 4023 lib.
547 3957 613 4030 ll.‚
645 3955 688 4016 ita
711 3954 806 4014 ctiam
836 3950 871 4016 iu
902 3947 979 4014 libr.
1004 3950 1044 4011 dc
1065 3959 1131 4013 nat.
1156 3971 1245 4035 puer.
1269 3974 1299 4038 p.
1322 3949 1404 4027 565,

315 4044 373 4122 77,
397 4041 446 4106 78
466 4052 529 4104 otc.
553 4038 638 4103 utari
664 4034 870 4121 obliquitatis
894 4033 1094 4097 mentionem
1116 4032 1215 4109 iacit,
1245 4036 1304 4100 aed
1326 4057 1409 4099 uua·

316 4147 414 4212 quam
437 4124 477 4188 de
500 4122 627 4187 difficili
656 4129 750 4207 partu
777 4117 856 4204 agir.
886 4153 927 4165 -·
959 4115 1131 4183 bloscbiou
1164 4130 1304 4207 quatuor
1325 4141 1406 4183 cun·

317 4222 417 4276 marat
438 4210 521 4272 utcri
544 4202 631 4268 dorii
652 4201 794 4286 specics,
816 4223 889 4289 cap.
915 4199 989 4266 ldl.
1014 4227 1048 4290 p.
1070 4203 1152 4268 200.
1197 4201 1291 4286 Quae
1312 4200 1401 4291 apud

316 4294 450 4360 Actium
464 4283 838 4354 Tetrabibl.lV.Sarru.
861 4286 919 4352 lV.
944 4310 1017 4376 cap.
1042 4289 1084 4352 77
1114 4297 1148 4353 cl
1175 4287 1221 4350 22
1249 4287 1290 4352 dc
1321 4285 1406 4350 obli·

317 4379 441 4464 quitata
469 4372 551 4438 utcri
581 4380 613 4435 et
640 4369 681 4436 dc
708 4370 845 4459 obliquo
885 4371 984 4440 uteri*
1000 4373 1088 4440 collo
1117 4373 1271 4459 leguntur
1280 4415 1292 4455 ,
1324 4371 1407 4438 nibil

317 4463 405 4528 aliud
428 4458 492 4522 nisi
516 4479 557 4520 ex
578 4453 705 4522 Sorano
728 4458 881 4524 translata
902 4469 989 4524 auat.
