3104 5070
593 355 596 363 ι

783 439 791 452 ἱ

621 468 624 476 ι

473 492 485 499 -
749 485 789 498 -
833 451 886 520 m
931 489 968 500 .-

226 645 233 652 ‘
318 638 392 704 tioio
418 588 627 714 coarctetur,
664 639 700 697 et
729 631 875 698 infantis
890 637 926 698 et
951 635 1066 702 matris
1093 633 1160 701 situ
1195 641 1322 700 mutato
1352 655 1411 702 re·

317 740 490 804 moveatur
518 739 629 820 caput
671 734 855 798 Pudentem
891 735 976 798 euim
1012 736 1045 800 in
1081 732 1200 800 dextro
1225 737 1411 820 ponendam

319 856 398 903 esna
419 834 536 916 lutere,
557 837 589 900 si
609 833 748 918 embryo
762 836 797 898 in
806 833 944 898 sinistro
964 834 1096 926 jarem
1117 837 1153 899 in
1165 837 1300 900 sinistro
1313 857 1414 918 voro,

175 961 179 965 ·
318 938 349 1002 si
371 935 521 1002 dextram
542 935 690 1019 oooupot
708 934 817 998 infans
839 935 1023 1018 regionem
1053 936 1230 1020 resupinus
1252 941 1287 1000 et
1303 935 1412 1002 duoli-

318 1039 371 1102 vis
393 1038 438 1100 sit
458 1037 573 1098 matris
593 1034 745 1114 situs,·si
768 1033 906 1116 embryo
926 1035 1035 1118 magis
1061 1035 1105 1100 ad
1132 1033 1264 1100 lumltos
1290 1056 1414 1102 vorsus

315 1139 442 1221 jaceat,
463 1153 569 1219 prona
590 1155 670 1199 vero
692 1135 725 1198 in
747 1153 855 1218 genua
878 1133 1067 1216 decumbat,
1095 1138 1127 1202 si
1152 1136 1265 1202 foetus
1286 1143 1414 1204 antror-

319 1257 395 1303 sum
415 1241 451 1300 et
471 1234 515 1300 ad
537 1227 751 1318 epigastrinm
773 1251 894 1297 versus
914 1237 1048 1319 positus
1065 1237 1122 1300 sit.
1165 1234 1207 1318 Si
1233 1235 1412 1302 declinatio

320 1338 442 1421 capitia
464 1355 529 1399 nna
550 1353 625 1399 oum
647 1335 910 1400 incarceratione
931 1334 1068 1416 incidat,
1087 1335 1214 1401 fsetrrm
1235 1357 1332 1402 manu
1353 1337 1415 1402 im·

318 1439 420 1502 missa
442 1455 576 1500 sursum
596 1454 675 1500 esse
696 1431 923 1515 attollendum,
957 1437 1076 1524 sieque
1096 1457 1117 1500 a
1137 1438 1242 1521 primo
1264 1435 1339 1502 iooo
1361 1459 1415 1504 re·

215 1539 219 1548 '
319 1546 442 1604 motum
464 1538 498 1600 in
520 1533 616 1600 alium
638 1554 780 1620 eumque
801 1533 966 1600 meliorem
981 1554 1061 1600 esse
1075 1536 1279 1602 vertendum.
1300 1573 1342 1589 «-
1371 1535 1415 1604 Si
1540 1583 1541 1598 ,

234 1653 236 1658 ’
319 1657 436 1704 manns
449 1656 515 1701 uua
536 1635 721 1720 projaoeat,
742 1635 829 1700 hano
849 1655 915 1700 non
938 1655 1017 1700 esso
1038 1635 1304 1720 protrahendam,
1334 1641 1413 1722 quia
1540 1625 1541 1632 ἵ

319 1744 389 1804 tom
399 1737 617 1802 incarceratio
631 1737 812 1818 exoriatur,
823 1735 886 1801 se'd
899 1735 1023 1801 foetam
1038 1757 1171 1802 sursum
1184 1735 1412 1819 attollendum,

320 1837 467 1904 cubitum
483 1838 587 1922 primo
609 1835 855 1916 inflectendum,
878 1834 998 1901 deiude
1018 1857 1148 1902 manum
1170 1843 1343 1904 extensam
1363 1839 1412 1905 fe-

319 1939 495 2003 moriesse
510 1935 751 2002 adducendam.
782 1934 837 2002 Εἰ
849 1934 968 2002 ambae
981 1937 1179 2022 projaoeant
1199 1958 1330 2020 manus,
1350 1940 1412 2005 ite·

320 2060 390 2102 rum
411 2037 539 2103 foetum
553 2035 666 2120 digitis
684 2035 830 2101 humeris
850 2035 1026 2121 applicatis
1047 2056 1179 2104 sursum
1196 2038 1411 2105 attollendum

319 2158 411 2218 esse,
434 2135 579 2203 cubitum
600 2135 815 2217 fleetendum,
829 2157 950 2202 manus
971 2135 1088 2202 ambas
1106 2141 1267 2204 emensas
1281 2141 1413 2206 femori·
1540 2133 1541 2136 ’

215 2257 218 2262 ’
319 2237 385 2304 bus
407 2236 640 2321 apprimondas
656 2242 691 2301 et
704 2241 773 2302 tum
788 2237 917 2302 demum
930 2243 1035 2323 rapot
1049 2237 1304 2324 protrahendum
1318 2259 1408 2306 esse.

320 2338 382 2405 sin
397 2348 506 2401 autem
520 2335 673 2402 manibus
688 2337 940 2420 projaoentibus
954 2344 1056 2421 caput
1069 2343 1136 2404 tom
1157 2341 1203 2404 sit
1217 2341 1329 2424 exigui
1342 2361 1411 2407 am·
1432 2401 1436 2406 .

319 2437 422 2518 bitus,
450 2443 496 2501 ut·
513 2435 604 2503 idem'
628 2457 703 2500 oum
732 2435 895 2502 ambabus
923 2437 1076 2502 manibus
1098 2438 1193 2522 simul
1216 2437 1314 2526 iaoile
1333 2443 1412 2524 proi

205 2581 208 2594 ,
319 2537 407 2604 trahi
434 2538 562 2622 possit,
592 2536 679 2602 huno
700 2536 800 2601 situm
821 2539 939 2602 mutari
960 2559 1026 2604 non
1046 2557 1133 2624 opus
1155 2558 1245 2608 esse,
1270 2575 1311 2586 -
1337 2542 1412 2605 Neo

320 2639 351 2704 si
384 2636 468 2702 alter
502 2655 565 2720 pes
597 2637 787 2722 projaoeat,
818 2637 907 2702 huno
939 2658 1018 2704 esse
1046 2639 1317 2724 protrahendum,
1348 2641 1411 2706 sed

319 2739 432 2823 potius
458 2734 683 2821 reponendum
704 2735 865 2822 alterique
880 2736 959 2822 pedi
976 2737 1225 2807 admovendum.
1270 2739 1310 2807 Si
1330 2753 1410 2807 ve‘ro

319 2835 419 2902 ambo
447 2827 554 2922 pedes
582 2836 785 2922 projaoeaut,
801 2836 933 2902 ,eodem
968 2842 1094 2923 quoin
1129 2839 1273 2907 brachiis
1298 2840 1409 2923 modo,

306 2957 452 3008 ,sursum
473 2954 535 3004 eos
555 2935 756 3004 attollendos
784 2942 820 3003 et
840 2938 1029 3024 dirigendos
1051 2961 1139 3015 esse.
1160 2977 1203 2994 υ-
1246 2940 1287 3008 Si
1307 2943 1413 3028 pedes

302 3041 353 3104 -in
374 3043 470 3104 utero
498 3037 670 3104 divariooti
704 3041 917 3127 reperiantur,
952 3041 1203 3126 conjungendos
1238 3063 1298 3107 oos
1325 3062 1412 3108 ,esso
1460 3049 1463 3052 ’

266 3209 269 3218 ,
321 3145 356 3206 et
377 3138 420 3204 ad
439 3137 604 3205 ,orificium
640 3138 825 3203 ducendos·
856 3172 897 3186 --
939 3137 979 3204 Si
1010 3141 1165 3224 genubus
1197 3145 1343 3227 praeviis
1364 3148 1414 3208 in·

209 3236 212 3246 '
305 3239 396 3324 ¹sarrs
404 3237 532 3321 jaceat,
545 3237 632 3302 huno
645 3257 778 3302 sursum
792 3258 871 3304 esse
883 3237 1146 3327 attollendum-ot
1158 3242 1262 3327 pedes
1281 3248 1413 3326 protra-

319 3336 461 3404 hendos.
477 3373 520 3387 -
546 3336 692 3402 Nutibus
705 3338 838 3424 praesis
854 3336 958 3422 pedes
973 3359 1053 3406 esse
1072 3341 1354 3427 protrahendos¹).
1371 3381 1410 3392 -

320 3437 358 3504 ln
379 3440 446 3503 situ
467 3437 662 3508 transverso
683 3439 870 3538 versionem
896 3439 1087 3525 embryonis
1116 3463 1197 3509 esso
1224 3442 1412 3510 faciendam

404 3707 437 3771 1.
481 3704 711 3793 Hippocrates,
739 3728 841 3794 quum
869 3716 996 3797 parturn
1026 3697 1180 3772 clunibus
1210 3692 1350 3797 praeriis
1371 3709 1420 3786 ti·=

322 3803 436 3872 meret,
473 3790 615 3854 infantes
650 3792 732 3854 tales
770 3791 805 3853 in
840 3804 938 3878 eaput
967 3791 1139 3855 vertendos
1175 3801 1248 3857 esse
1281 3806 1407 3868 monet:

320 3875 408 3960 „qni
431 3897 506 3939 vero
530 3874 808 3953 conduplicntur
828 3875 956 3957 foetus,
978 3877 1088 3963 inquit
1110 3876 1169 3962 ii,
1194 3889 1226 3942 et
1249 3881 1283 3944 in
1306 3891 1412 3943 utero·

322 3979 395 4022 rum
431 3959 577 4024 osculum
608 3958 814 4034 incumbunt,
853 3983 910 4025 eos
939 3959 1008 4023 sive
1036 3961 1129 4025 vivos
1159 3963 1411 4042 sisemundus,

321 4051 407 4106 retro
430 4055 601 4129 protrusus
624 4045 742 4108 iterum
764 4055 889 4110 vertere
910 4053 1056 4131 oportet,
1086 4058 1121 4109 ut
1152 4046 1186 4109 in
1209 4060 1308 4136 caput
1336 4069 1414 4136 pro·

253 4153 258 4164 ·
323 4125 422 4191 deant
457 4129 638 4192 secundnm
673 4132 857 4194 naturam.“
909 4129 962 4194 De
999 4129 1102 4194 morb.
1130 4132 1261 4196 mulier.
1285 4131 1359 4195 Lib.
1382 4130 1410 4193 l.
1540 4179 1541 4216 ,

321 4215 405 4276 Soet.
427 4214 469 4274 V.
500 4235 530 4298 p.
553 4211 630 4276 185.
669 4213 719 4278 ed.
741 4212 836 4278 Fotis.
858 4249 901 4262 ——
938 4211 1063 4290 ‚Celsus
1101 4217 1248 4282 omnium
1285 4215 1412 4302 primns
1540 4255 1541 4278 i

321 4308 448 4384 partum
472 4296 625 4362 clunibus
648 4298 787 4383 praeviis
816 4297 851 4362 in
880 4297 1091 4385 agrippinum
1118 4298 1412 4366 commendandum

218 4377 222 4386 ’
323 4402 394 4444 osse
418 4379 663 4462 docuit‚2lrisoe
685 4381 813 4446 verbis:
854 4385 910 4464 „ai
939 4383 1053 4448 clunes
1084 4385 1265 4468 ospnlrse
1296 4405 1412 4471 urgere
1540 4447 1541 4452 ,

322 4476 516 4549 coeperunt,
538 4467 655 4530 iterum
677 4477 762 4530 retro
785 4464 996 4553 repellendae
1014 4479 1112 4542 sunt,
1137 4468 1412 4556 conquisitusque
