3104 5070
763 440 1007 504 -lo--=

320 627 455 710 tamque
476 625 643 710 regionem
666 623 938 710 ‘conceptaculum
963 613 1092 708 (κύτος)
1115 627 1150 691 et
1172 625 1421 712 reniremtyc·

319 716 415 810 στήρ)
438 723 473 790 et
494 727 600 790 sinum
623 721 771 812 (κρλπος)
794 727 952 810 vocari.¹)
1011 747 1018 771 ’-

403 825 539 892 Uterum
562 845 640 890 esse
662 825 858 902 nervosum,
890 849 909 892 e
932 827 1063 906 nervis,
1093 826 1242 908 arteriis,
1265 827 1360 891 venis
1383 831 1422 906 et

318 947 417 992 carne
439 919 690 1024 consistentem.
737 929 861 994 'restes
888 929 1024 992 seminis
1052 931 1181 993 meatus
1203 929 1420 994 extrinsecus

151 1045 155 1056 ’
259 1084 264 1092 ,
318 1048 397 1093 esse
420 1026 561 1091 aduatos
584 1047 688 1116 prope
711 1033 876 1116 cervicem
898 1031 930 1092 in
953 1025 1219 1122 utroque-latere
1252 1027 1417 1122 singulos,

251 1129 257 1134 ’
316 1151 337 1193 e
365 1125 452 1192 molli
476 1147 575 1193 carne
603 1138 638 1194 et
663 1129 824 1216 glandoso
851 1133 1062 1207 constantes,
1090 1127 1288 1214 propriaque
1315 1149 1421 1196 mem·-

317 1227 421 1318 brana
444 1234 631 1310 contectos,
654 1230 814 1316 rotundos
837 1235 874 1294 el
899 1229 941 1294 orl
969 1227 1065 1293 basin
1095 1225 1271 1314 paullulum
1299 1227 1419 1293 dilata·

302 1319 382 1394 tos.
428 1327 562 1394 Uterum
586 1336 758 1415 praeterea
779 1351 823 1396 ex
846 1329 976 1394 rlrrabus
999 1334 1154 1398 constare
1176 1329 1310 1409 tunicis,
1332 1329 1420 1400 inter

317 1449 357 1495 se
378 1417 578 1495 membranis
601 1433 779 1518 nervisque
803 1431 1017 1515 conjunctis,
1034 1434 1205 1493 externam
1228 1449 1418 1514 nervosam,

318 1529 431 1610 duram
455 1534 489 1594 et
511 1531 683 1596 candidam
706 1529 800 1612 esse,
830 1533 990 1596 internam
1018 1547 1208 1604 carnosam,
1240 1527 1412 1608 hirsutam,

315 1627 445 1722 mollem
467 1635 502 1694 et
523 1629 749 1705 rubicundam,
774 1635 868 1696 vasis
897 1634 1108 1695 intertextam
1129 1632 1266 1696 maxime
1285 1632 1321 1722 in
1344 1631 1419 1698 fun·

318 1731 373 1811 (lo,
396 1733 428 1794 in
451 1751 517 1816 quo
540 1752 653 1798 semen
676 1731 898 1816 agglutinetur
924 1729 1067 1818 indeque
1095 1730 1246 1816 purgatio
1279 1751 1417 1817 progre-

317 1831 436 1918 diatur.
482 1821 824 1908 Dioclisfsententia,
850 1838 978 1898 uterum
1007 1852 1148 1913 cornua,
1176 1829 1351 1918 acetabula
1381 1839 1416 1898 et

248 2001 263 2020 ι,
318 1931 446 1997 cirrhos
469 1926 603 2013 babere,
625 1934 755 1996 omnino
779 1933 957 2014 refutatur,
979 1954 1052 1998 nam
1076 1936 1164 2018 „qui
1185 1935 1231 1996 ita
1255 1935 1414 2020 sentiunt,

316 2027 349 2096 in
364 2031 633 2116 dissentionibus
655 2033 731 2099 falsi
752 2037 867 2099 sunt.“
890 2034 1027 2106 Uterum
1050 2033 1192 2118 denique
1215 2051 1279 2102 non
1303 2033 1345 2124 ari
1368 2034 1418 2098 vi·

316 2138 384 2198 tam
407 2117 651 2218 prorsos'esse
674 2135 941 2214 necessat-turne)
973 2133 1143 2220 contendit
1171 2153 1217 2214 a,
1241 2131 1329 2218 quoti
1360 2153 1416 2206 se·

317 2233 458 2298 cundum
479 2230 712 2298 Themisonem
734 2254 799 2298 non
822 2233 927 2300 solnm
949 2233 1114 2319 procidat,
1134 2230 1194 2298 seri
1218 2235 1251 2299 in
1278 2219 1415 2320 ciuibus·

318 2331 393 2402 dam
416 2333 514 2396 etiam
537 2333 757 2416 praecidatur,
773 2329 837 2398 nec
852 2340 962 2398 tamen
993 2324 1130 2398 moltem
1159 2333 1293 2409 afferat,
1326 2333 1415 2420 quorl

316 2437 490 2516 praeterea
523 2433 556 2497 in
586 2431 691 2498 Gallia
723 2455 809 2501 sues
833 2433 1019 2498 habiliores
1047 2440 1082 2498 et
1105 2431 1295 2522 valentioris
1337 2433 1416 2501 liant

317 2532 482 2616 alimenti,
505 2539 682 2622 postquam
704 2540 819 2601 uterus
841 2533 1019 2600 abscissus
1041 2531 1187 2618 luerit.³)

318 2713 523 2727 ...η-Μ...

402 2787 433 2848 l.
476 2784 578 2848 Hisce
601 2783 706 2850 solius
727 2782 810 2850 uteri
833 2783 1012 2870 deser-iptio
1027 2781 1225 2852 continetur.
1248 2783 1412 2852 Oscillnm

318 2869 399 2934 uteri
422 2869 584 2934 orilieium
606 2881 776 2942 externum
799 2881 861 2944 est,
883 2870 1015 2952 collum,
1029 2880 1078 2934 est
1094 2869 1213 2934 collum
1231 2871 1327 2954 uteri,
1344 2895 1410 2936 cer·

316 2957 371 3018 six
395 2955 477 3019 uteri
501 2954 627 3019 orilicio
652 2954 782 3021 interno
806 2955 999 3044 responrlet,
1025 2967 1110 3018 totus
1133 2951 1308 3034 decernens,
1333 2956 1355 3018 i.
1380 2979 1410 3020 c.

224 3052 227 3061 “
317 3041 406 3104 coles
445 3041 553 3126 portio
591 3040 751 3126 vaginulis
788 3050 856 3121 est,
880 3043 974 3127 ‘quae
1010 3041 1104 3104 etiem
1142 3041 1412 3126 conceptaculum

228 3310 232 3318 '
315 3293 537 3358 nominantur.

316 3123 445 3206 (κύτος)
470 3123 664 3188 nominator.
688 3124 858 3188 Praeterea
881 3125 1022 3205 lrorneri,
1043 3125 1145 3188 latera
1168 3135 1200 3186 rt
1221 3124 1321 3202 basis,
1340 3126 1362 3188 i.
1379 3150 1410 3189 o.

314 3210 438 3272 lundens
461 3209 825 3357 distingpuntrrr,'rprrae
848 3209 957 3308 omnin
986 3209 1080 3271 etiam
1114 3218 1240 3310 venter·
1255 3207 1439 3312 (yuorppp

316 3379 414 3444 bitur,
437 3414 480 3425 „.
586 3314 660 3356 mus
684 3293 841 3376 (κολπος)
865 3317 899 3357 ιιι
922 3315 995 3382 cap.
1018 3316 1086 3382 seq.
1102 3305 1275 3382 separatim
1292 3296 1411 3360 desert·
1460 3361 1464 3368 ,

399 3479 431 3540 2.
475 3473 623 3540 Eandem
653 3475 847 3540 sententiam
877 3499 906 3542 a.
938 3475 960 3541 Ι.
984 3477 1108 3566 profert
1131 3477 1165 3543 in
1189 3501 1259 3572 rap.
1284 3480 1352 3544 XL.
1375 3480 1408 3544 b.

316 3561 396 3626 dtss.
422 3561 493 3642 „rie
516 3561 671 3650 prolapsu
695 3561 818 3624 uteri.“
969 3583 986 3590 ··
1279 3609 1282 3614 .

400 3665 434 3727 5.
481 3661 616 3726 Veteres
644 3673 796 3726 erectores
836 3659 876 3724 de
906 3661 1054 3748 partibus
1083 3662 1282 3748 genitalibus
1311 3675 1342 3727 ct
1371 3665 1410 3734 de

316 3760 407 3812 ntero
431 3747 465 3810 in
490 3746 598 3832 specie
622 3769 736 3809 manea
761 3755 881 3808 tanturn
903 3745 1052 3831 ,salsaque
1075 3747 1287 3816 tradiderunt.
1331 3748 1411 3837 Opi·

260 3826 262 3836 ’
316 3833 383 3898 nari
414 3833 521 3910 enim,
556 3853 712 3894 summurn
742 3851 814 3910 epse
842 3829 1089 3895 similitudinem
1120 3831 1204 3897 inter
1235 3833 1355 3896 bestias
1377 3843 1410 3898 el

315 3917 479 4000 immines,
505 3925 632 3978 atterum
666 3929 818 4003 rpooque,
842 3915 949 4004 qualis
971 3916 1005 3980 in
1035 3917 1183 3982 dissertis
1212 3919 1409 3982 animalibus

315 4013 464 4088 repertas
487 4011 565 4084 erat,
581 4001 712 4064 bomini
738 4002 845 4064 inesse
877 4000 1094 4066 crerli'rlcrunt.
1140 4003 1183 4066 lta
1214 4003 1254 4065 ab
1284 4001 1408 4090 llippo·

315 4100 401 4151 erate
439 4096 549 4148 uterus
589 4085 786 4149 describitur
821 4085 986 4150 cornubus
1020 4087 1227 4176 sinnburqnc
1255 4100 1406 4152 ornntusr

317 4195 418 4253 „cum
443 4169 561 4232 mulier
582 4169 828 4256 ruperioetarit,
860 4170 888 4233 si
918 4171 1051 4256 quidem
1081 4171 1342 4260 primus'l'octns
1373 4171 1406 4235 in

317 4258 423 4321 merlio
447 4265 538 4319 utero
562 4256 782 4328 contineatur,
807 4256 1059 4340 snperl'oetnturn
1089 4279 1221 4345 qnoque
1249 4279 1267 4320 a
1299 4257 1408 4344 priore

316 4340 488 4428 expulsum
511 4335 704 4426 prolubitur.
730 4338 826 4420 Quor}
849 4339 877 4404 si
902 4338 935 4401 iu
959 4340 1059 4405 altero
1080 4353 1184 4405 ‘cornu
1203 4329 1407 4428 praeposteie

316 4436 510 4512 conceptum
534 4426 718 4505 contiueat,
742 4426 847 4503 iprum
873 4435 981 4512 prostes
1011 4438 1104 4512 partu
1127 4427 1236 4509 ejicit,
1272 4426 1407 4490 minime
1454 4471 1462 4484 2

318 4511 459 4588 vitalem,
485 4519 658 4600 postquam
681 4508 770 4576 viteli
792 4510 880 4574 foetu
902 4508 1058 4576 liberatus
1081 4519 1203 4593 uterus,
1226 4509 1353 4575 laxatus
1374 4519 1406 4574 et
