3104 5070
551 429 605 508 -’
637 459 774 562 aa&

137 649 266 715 arteriis
296 644 477 726 nervisque
508 643 734 717 constantem,
771 641 803 706 in
840 637 940 704 inndu
974 639 1061 705 uteri
1088 655 1246 705 massam·

142 765 291 814 crassam
314 746 351 808 et
371 759 544 807 earnnsam
567 745 669 826 (quae
690 761 769 826 pars
785 740 884 834 etiam
897 735 1052 822 placenta
1066 744 1234 821 vocetur),
1289 809 1296 819 .

144 848 177 914 iu
209 841 283 908 aliis
318 860 399 908 vern
434 837 584 927 partibus
605 846 738 906 tenuem
770 837 982 924 praebentem
1013 839 1236 906 membranam
1277 889 1283 896 .

143 933 283 1028 (μικρὸν
302 935 447 1026 ὕστερον
466 941 653 1025 nominat).
697 939 807 1006 Variis
828 938 914 1007 hanc
935 937 1115 1026 significari
1134 941 1236 1006 nomi·

143 1041 265 1124 nibus3
284 1042 400 1110 vueari
421 1041 508 1116 enim
529 1046 566 1108 et
587 1039 785 1134 albumen,
807 1040 885 1126 qnia
908 1037 1092 1106 nimumdet
1111 1040 1238 1131 suetum

144 1135 230 1216 (ἀπὸ
252 1139 595 1232 τοῦ-κεχωρηκέναι),
616 1159 662 1206 ex
682 1137 819 1206 aliarum
839 1159 920 1208 vern
941 1141 1136 1216 sententiis,
1159 1143 1238 1227 quia
1268 1129 1277 1142 ’

143 1263 188 1310 ex
201 1240 313 1310 multia
326 1245 459 1314 ennstet
472 1240 626 1328 partibus
639 1242 688 1306 uti
701 1239 825 1306 ehurus
846 1230 1020 1328 (καθάπερ
1040 1237 1060 1304 ὁ
1079 1237 1182 1328 χορός
1195 1245 1236 1325 ¹),

143 1347 180 1411 et
199 1343 367 1429 angien,
394 1342 480 1427 quia.
493 1341 618 1411 insuam
639 1341 688 1407 uti
714 1361 777 1407 vas
803 1336 969 1429 (sinetur)
998 1338 1148 1427 obtegat,
1177 1361 1239 1408 se-

86 1501 92 1518 ,
145 1441 307 1510 eundae
337 1440 414 1508 dein
444 1432 633 1528 (isdemne,
658 1435 836 1528 ὕστερον),
867 1444 945 1527 quia
966 1439 1182 1528 embrynnern
1204 1443 1238 1508 in

142 1540 253 1618 lucem
285 1541 411 1634 editum
440 1547 620 1630 sequptum
649 1531 926 1628 arpdpnppuffl)
948 1542 1115 1627 deniqne,
1147 1540 1238 1628 qnod
1263 1571 1282 1627 f
1417 1524 1420 1533 ’

144 1645 237 1728 prius
251 1642 474 1726 disrumpatur
486 1662 638 1709 xneeesse
659 1643 715 1723 sit,
736 1646 882 1727 utaque
905 1643 1031 1725 (amnii)
1052 1645 1168 1727 partes
1180 1661 1239 1727 ge·

147 1739 266 1807 nitaie's
292 1740 440 1806 lubricas
468 1740 638 1808 reddendo
668 1745 861 1805 evacuetur.
910 1740 1105 1808 Funieuium
1135 1740 1240 1806 umbi·
1297 1727 1302 1742 ⁸

146 1837 278 1916 licaiem
298 1859 342 1904 ex
371 1837 503 1906 duabus
524 1843 622 1906 venis
643 1838 848 1924 totidemque
870 1843 999 1928 arteriis
1021 1839 1239 1924 compositum

147 1960 247 2024 esse,
277 1936 399 2024 quibus
428 1935 572 2004 uraehus
594 1937 752 2020 accedat,
783 1957 828 2003 ex
849 1959 915 2023 qun
936 1941 1030 2004 urina
1051 1940 1186 2005 fnetalis
1208 1943 1241 2005 in

148 2039 283 2108 eharinn
313 2038 466 2106 dueatur.
508 2037 732 2125 disponuntur
759 2035 934 2104 multorum
963 2044 1135 2105 anctorum
1163 2059 1242 2107 sen·

148 2140 272 2228 tentiae
294 2135 337 2204 de
359 2143 434 2206 ortu
455 2135 572 2206 horum
594 2157 764 2205 vasonum.
793 2133 1001 2220 Empednele
1022 2136 1164 2210 dnaeute
1185 2136 1241 2204 illa

149 2259 231 2314 vasa
262 2235 377 2322 hepati
404 2239 515 2305 inuata
548 2256 647 2320 esse,
679 2240 816 2302 auctore
846 2255 927 2304 veru
948 2233 1101 2308 Phaedro
1129 2235 1239 2310 uendit

148 2337 223 2424 aliis
244 2341 355 2404 autem
370 2335 474 2402 videri
486 2356 592 2402 venas
607 2335 649 2401 ad
664 2335 779 2420 hepar,
801 2337 942 2404 arterias
955 2336 998 2406 ad
1013 2357 1072 2406 eur
1085 2339 1242 2418 transire5

131 2433 326 2525 ‚Herophilo
348 2455 453 2502 venas
474 2435 518 2500 ad
548 2454 666 2523 venam
694 2453 829 2514 cauam,
859 2437 998 2504 arterias
1014 2436 1068 2502 ad
1089 2437 1241 2508 arterium
1269 2463 1274 2476 ·
1365 2509 1369 2519 Ι

11 2585 12 2590 1
147 2535 317 2610 tracheam
337 2537 516 2619 pertinere.
559 2532 745 2602 Eudemum
767 2553 849 2600 veru
871 2535 1095 2618 contendere,
1117 2537 1150 2605 iu
1171 2537 1241 2606 uru-

149 2635 247 2704 irilien
274 2632 466 2722 emiuyonis
491 2653 573 2701 vasa
601 2633 779 2720 conjungi,
796 2633 873 2701 inde
894 2637 927 2700 iu
948 2635 1034 2708 dnus
1055 2653 1155 2706 annus
1174 2633 1241 2702 auia

149 2735 394 2824 diaphragmate
422 2733 581 2822 disjungi.
605 2769 646 2790 ψ-
680 2731 846 2809 Urachum
874 2733 977 2815 fundo
1001 2735 1139 2814 ,uesieae
1160 2751 1241 2806 esse
1322 2800 1325 2809 s

129 2969 251 3034 'ratius
272 2979 328 3032 ant
349 2964 493 3030 ineidins
521 2965 560 3028 ab
588 2985 628 3027 eu
659 2963 700 3026 ds
728 2964 788 3027 irae
817 2985 853 3028 re
874 2967 1105 3052 comperimus.
1151 2965 1238 3030 tdent

148 3054 236 3140 qrrud
260 3053 319 3126 H„
342 3047 540 3114 Aristoteles
554 3048 601 3112 'de
623 3069 685 3112 ovo
708 3048 850 3112 humanu
872 3048 997 3114 (innuit.
1018 3049 1074 3127 (de
1096 3049 1238 3136 genitur.
1373 3099 1377 3106 ,

151 3135 281 3203 animai.
304 3133 377 3201 Lib.
400 3131 441 3194 li.
473 3153 543 3217 rap.
573 3129 649 3212 lv.)
680 3130 787 3199 liuius
812 3132 976 3218 Ephesius
1004 3134 1096 3217 (Lib.
1120 3134 1145 3198 1.
1168 3155 1239 3221 esp.

146 3223 199 3286 57.
216 3219 375 3306 Stephani
392 3238 490 3281 ovum
511 3213 666 3294 animale,
687 3215 768 3282 daras
792 3216 865 3301 ejus
887 3217 1092 3284 membranas
1112 3212 1239 3302 dpurruu

145 3317 180 3369 et
200 3299 343 3389 χῶριον,
367 3309 400 3363 et
422 3297 601 3362 indiculum
624 3299 843 3364 nrubiiicaleru
867 3323 906 3365 ex
928 3302 1054 3367 duabus
1076 3303 1169 3369 venis
1191 3313 1240 3365 tn·
1363 3377 1365 3382 Ι

149 3388 315 3474 tidemque
344 3380 471 3448 arteriis
501 3391 534 3445 et
562 3404 603 3445 ex
632 3383 755 3446 uraeho
785 3405 802 3446 e
835 3386 937 3449 iirndn
958 3387 1088 3453 vesicae
1110 3385 1149 3448 ad
1174 3383 1240 3470 pta.
1297 3385 1305 3400 ·

148 3483 275 3537 nentem
295 3477 483 3534 transeunte
504 3464 691 3550 descripsit.
738 3466 911 3532 Moschion
935 3471 1022 3557 (nap.
1039 3469 1082 3533 si
1107 3493 1139 3556 p.
1156 3467 1240 3549 129)

149 3558 305 3645 quinque·
329 3555 427 3618 etiam
455 3560 546 3652 putat
566 3569 638 3614 esse
670 3571 746 3614 rasa
774 3551 917 3616 innicnli
945 3552 1086 3635 unuin,
1121 3573 1241 3637 easque

150 3662 232 3727 quas
255 3636 400 3703 Soranus
428 3645 576 3700 nominat
597 3633 813 3699 membranas.
857 3634 1003 3700 Galenus
1027 3635 1237 3700 allantoidern
1340 3667 1343 3674 =

150 3723 256 3786 adhue
277 3723 315 3784 ad
340 3719 543 3788 membranas
564 3716 767 3797 adnumerat,
791 3717 825 3782 in
847 3720 970 3788 eatenis
985 3716 1149 3786 Soranum
1164 3740 1237 3782 aue·

151 3817 254 3869 torem
277 3817 325 3866 est
348 3815 491 3871 secutus.
519 3800 647 3869 Arabes
669 3799 755 3864 uitii
772 3801 854 3875 novi
876 3803 955 3870 huie·
975 3803 1024 3868 rei
1039 3803 1238 3887 adjecerunt.

151 3885 275 3952 Omnes
291 3886 365 3950 iliae
380 3885 555 3970 spiniones
569 3904 675 3968 nsque
687 3885 728 3948 ad
750 3884 920 3952 Vesalium
941 3889 1129 3954 immutatae
1149 3907 1239 3952 maa-

151 3980 274 4036 ssrunt.
299 4005 337 4016 -
367 3967 525 4032 Conieraa
554 3989 639 4053 qnae
665 3968 797 4052 egregia
823 3969 947 4035 deirae
969 3993 1005 4034 re
1026 3971 1067 4036 ab
1089 3969 1237 4045 Baitero,

151 4053 277 4123 Albine
300 4063 333 4122 st
356 4051 503 4126 Huntern
525 4048 709 4138 nupseripta
732 4061 821 4124 sunt.

234 4139 271 4212 i.
312 4132 487 4219 „Ciminn
509 4133 633 4200 dietum
655 4144 745 4198 esta
767 4156 804 4198 se
824 4134 917 4228 ipsa,
939 4135 1029 4222 quud
1049 4158 1109 4206 sua
1130 4133 1242 4223 ipsius

149 4219 541 4374 23⁰⁹⁶⁸13ff¹³¹³²⁰ffi⁰⁶’
570 4213 778 4306 εὐρυχωρία,
805 4218 971 4292 iudicat.“
1012 4219 1141 4290 Mosen.
1163 4239 1236 4303 cap.

226 4329 267 4454 ld.
294 4387 464 4472 „Etenim
488 4399 520 4454 et
547 4409 730 4476 praegnans
753 4388 829 4456 inde
851 4386 938 4454 dieta
959 4400 1029 4471 est,
1062 4381 1150 4471 quud
1170 4382 1237 4471 pri·

151 4495 239 4539 mum
262 4477 470 4561 rumpatur.“
517 4470 643 4572 Musei.
664 4495 733 4562 uap.
756 4473 810 4542 59.
834 4496 866 4559 p.
888 4473 965 4540 ¹28.
1010 4535 1015 4542 ,
1053 4510 1072 4536 ·,
