3104 5070
763 387 767 395 .

744 423 958 484 „⁸-

350 615 353 624 ’
476 601 631 698 carun
652 603 715 668 rr..
744 589 840 690 Quae
861 561 1084 668 scenomata
1105 553 1240 686 apaan.
1273 645 1277 656 .

393 749 560 838 (lptimum
583 773 661 819 esse
683 751 910 830 obstetricem,
928 773 1015 842 quac
1036 773 1103 820 non
1125 771 1189 818 asu
1211 746 1330 846 solnm,
1346 749 1416 816 scd

310 854 409 918 ctiam
431 852 559 919 theoria
582 851 718 919 multum
740 853 864 936 valeat,
891 855 1100 939 maximeque
1121 853 1207 935 cam,
1229 871 1316 938 quae
1336 847 1414 916 lon-

225 985 228 996 ·
309 973 353 1038 ga
374 953 583 1038 experientia
600 953 720 1020 edocta
744 957 886 1020 omnium
907 954 978 1020 fere
999 951 1181 1019 medicinae
1201 953 1342 1038 partium
1364 952 1416 1016 sit
1532 953 1533 960 ’

309 1054 523 1137 peritissima,
545 1051 644 1146 nullis
665 1052 821 1142 periculis
843 1050 1080 1141 perturbatam,
1101 1050 1272 1120 laboribus
1299 1050 1415 1137 perle-

309 1152 422 1218 rendis
443 1153 606 1230 idoneam,
631 1162 809 1242 aetateque
827 1156 898 1240 jam
925 1153 1146 1241 provectiore.
1190 1150 1246 1220 sit
1274 1168 1413 1239 quoque

309 1255 456 1338 sapiens,
479 1253 603 1337 sobria,
625 1256 802 1329 taciturna,
824 1273 892 1320 non
918 1252 1002 1320 lucri
1023 1252 1133 1328 avida,
1157 1273 1224 1319 non
1245 1253 1412 1336 supersti-

308 1352 413 1436 tiosa,
441 1370 504 1421 nec
532 1374 599 1419 non
621 1375 672 1437 ca,
695 1357 869 1442 quaejam
891 1355 1069 1440 pepererit.
1120 1351 1267 1420 Maxime
1295 1351 1409 1418 autem

309 1473 410 1520 curae
432 1457 479 1520 sit
499 1453 686 1539 obstetriei,
704 1455 861 1542 'ut‘digiti
881 1452 998 1520 molles
1019 1455 1087 1520 sint
1108 1459 1144 1520 et
1163 1454 1281 1538 teneri,
1305 1447 1406 1540 quod,

308 1554 374 1623 nisi
388 1555 457 1638 jam
478 1561 616 1622 naturae
631 1555 792 1638 beneficio
806 1555 999 1640 hujusmodi
1013 1555 1092 1637 sint,
1106 1555 1285 1640 unguentis
1307 1549 1408 1622 emol—
1462 1619 1471 1636 ,

307 1650 464 1754 lieutibns
486 1654 784 1724 talesreddendos
805 1675 884 1724 esse
906 1654 1028 1723 suadet
1048 1660 1176 1722 noster.

185 1977 188 1980 .
308 1923 394 1988 tinnt
415 1922 472 1988 illa
489 1920 710 2006 Moschionis‚
733 1921 804 2007 ejus
827 1921 997 2010 discipuli,
1021 1922 1056 1987 in
1078 1919 1194 1986 libello
1217 1915 1325 2005 „maol
1347 1940 1404 2006 γυ·
1532 1927 1533 1945 ’

306 2003 466 2074 rotarioro
487 2005 639 2074 πιθώνις
662 2009 698 2072 in
721 2030 816 2072 usum
845 2007 1058 2078 obstetricum
1086 2003 1297 2094 peculiariter
1321 2005 1406 2070 aeri·

285 2089 377 2178 'pto.
402 2091 618 2172 „0bstet'rix,
648 2092 758 2181 inquit
787 2091 854 2172 Μ.,
883 2091 1012 2175 omnia,
1048 2113 1133 2179 quae
1159 2089 1199 2154 ad
1228 2089 1404 2153 foeminam

307 2174 468 2260 spectant,
490 2177 619 2259 edocta,
640 2178 708 2242 imo
730 2187 763 2240 et
782 2177 862 2240 artis
878 2176 992 2264 ipsius
1022 2173 1176 2240 medendi
1204 2174 1328 2260 perita,
1358 2174 1403 2238 ita

308 2271 347 2322 ut
383 2260 513 2324 illarum
550 2261 696 2324 omnium
734 2263 869 2328 morbos
906 2261 1077 2324 commode
1114 2280 1229 2324 curare
1265 2258 1403 2322 valeat.“

308 2365 380 2429 cap.
404 2343 432 2408 1.
456 2367 490 2431 p.
514 2345 589 2410 115.
613 2345 662 2407 cd.
684 2345 821 2427 Dcwez.
843 2379 886 2392 —
907 2343 1056 2408 Medicos
1077 2346 1155 2410 aero
1179 2365 1246 2406 non
1268 2343 1402 2406 omnino

309 2437 495 2513 c‘partunm
513 2428 740 2493 observatione
755 2429 907 2515 inprimis
923 2428 1103 2493 difficilium
1120 2427 1273 2491 exclusos
1289 2427 1402 2509 luisse,

304 2511 374 2597 jam
397 2534 438 2575 ex
460 2513 690 2612 Hippocratis,
708 2520 741 2594 α)
763 2512 870 2588 Celsi,
886 2511 922 2595 b)
945 2511 1076 2594 Sorani,
1104 2509 1310 2576 Moschionis
1325 2509 1403 2576 alio·

308 2619 448 2683 rumque
477 2597 559 2661 locrs
589 2597 712 2686 optimc
745 2598 966 2677 confirmatur.
1017 2596 1207 2662 Dolendnm
1237 2618 1313 2662 vcro
1339 2595 1402 2678 est,
1532 2647 1533 2652 1

308 2680 509 2745 medicorum
537 2682 602 2746 vim
633 2681 711 2746 licet
739 2685 889 2768 exiguam
918 2683 953 2747 in
982 2692 1084 2746 artem
1111 2693 1255 2746 nostram
1280 2701 1345 2744 nou
1367 2681 1402 2744 in

298 2765 433 2856 acriora
455 2787 587 2852 qnoque
609 2773 756 2854 tempora
778 2777 1008 2855 propagatam,
1031 2766 1089 2830 scd
1111 2787 1223 2832 eornm
1253 2760 1402 2830 manibus

309 2850 446 2914 omnino
470 2861 616 2936 creptam
639 2863 671 2915 et
693 2851 926 2916 obstetricibus
949 2875 989 2916 cx
1010 2861 1079 2916 toto
1108 2850 1258 2915 traditam
1287 2851 1402 2932 inisse,

308 2933 343 2997 id
366 2935 454 3021 quod
477 2945 509 2998 et
530 2935 617 3024 apud
636 2935 768 3002 ¹Araban
790 2947 823 3000 ct
844 2935 905 3000 sub
933 2935 1033 3000 linem
1061 2935 1186 3000 sacculi
1208 2933 1276 3000 Vll.
1302 2936 1403 2999 luisse

308 3018 441 3086 scimus.
485 3017 575 3101 Quin
599 3022 750 3108 sequenti
772 3031 918 3108 tempore
946 3043 1051 3109 usquc
1081 3020 1122 3084 ad
1153 3021 1321 3085 saeculum
1351 3019 1402 3083 de·

309 3103 430 3172 cimam
452 3116 594 3187 sextum,
610 3128 710 3192 quum
734 3127 787 3168 ars
808 3105 998 3170 obstetricia
1026 3105 1120 3192 qnasi
1144 3127 1219 3191 pars
1243 3105 1399 3192 quaedam

308 3189 493 3274 chirurgiae
514 3189 585 3253 deri
607 3199 723 3276 coepta
745 3201 812 3273 cst,
836 3195 975 3255 cundem
1003 3189 1073 3253 lere
1102 3188 1310 3254 obstetricum
1340 3200 1401 3253 sta·

272 3333 277 3358 ,
308 3285 378 3335 inm
401 3293 577 3360 earumque
599 3275 640 3336 dc
662 3286 730 3337 arte
760 3285 870 3338 nostra
897 3274 1071 3360 imperinm
1102 3274 1399 3340 animadvertimus.

310 3353 441 3437 Quanta
462 3379 541 3421 vero
571 3369 686 3422 nostro
716 3381 848 3446 quoqne
876 3370 1025 3446 tempore
1047 3397 1087 3408 -
1111 3371 1143 3424 ct
1173 3361 1235 3423 boo
1264 3358 1401 3422 maxime

308 3451 360 3504 est
380 3439 560 3526 lugendum
582 3464 714 3532 —quo
736 3463 788 3508 ars
812 3444 948 3508 obstetr.
971 3444 1012 3510 ad
1039 3467 1200 3509 summum
1228 3443 1314 3507 iere,
1331 3463 1402 3530 pro·

307 3535 398 3588 vecta
420 3535 469 3589 est
491 3525 670 3614 fastigium,
685 3537 798 3614 eiquo
816 3527 1033 3616 parturientes
1048 3529 1303 3595 ob'tenariorcm
1320 3527 1403 3594 mol·

307 3607 492 3698 lioremqne
514 3611 661 3699 corporis
684 3613 953 3678 constitutionem
975 3636 1014 3678 eo
1037 3615 1140 3701 magis
1162 3613 1295 3679 auxiliis
1316 3611 1401 3678 iodi-

308 3705 406 3780 geant
434 3694 654 3772 medicorum,
678 3721 738 3798 per
759 3698 905 3785 ineptam
928 3701 1142 3764 obstetricum
1164 3696 1283 3784 agendi
1306 3697 1402 3762 ratio·

243 3851 247 3854 ,
309 3799 385 3842 ncm
401 3779 591 3844 exoriantur
613 3782 828 3863 detrimenta,
843 3781 918 3870 quis
941 3794 1003 3867 cst,
1026 3785 1085 3872 qni
1107 3806 1175 3849 non
1199 3781 1369 3876 percipiat.

391 4048 423 4126 a)
467 4041 604 4132 Hippocr.
636 4047 671 4110 de
693 4052 874 4132 superlaetat.
897 4049 945 4112 ed.
968 4053 1055 4114 noes.
1079 4005 1160 4115 sect.
1183 4053 1236 4114 lll.
1259 4056 1401 4136 pagello.

308 4219 315 4226 .
390 4165 422 4246 b)
466 4166 637 4247 „Medici
666 4187 733 4228 varo
757 4172 926 4250 propositum
948 4181 1004 4245 est,
1028 4181 1058 4230 ut
1076 4161 1212 4249 ¹inla'rrtem
1234 4189 1315 4230 manu
1338 4167 1401 4227 diri·

307 4263 356 4327 gal
375 4252 422 4310 vel
444 4253 473 4311 in
495 4264 578 4332 caput
597 4254 645 4312 vel
667 4256 749 4313 etiam
772 4258 801 4314 in
827 4255 911 4333 pedes
943 4254 1029 4316 etc.“
1072 4254 1151 4316 Cels.
1175 4257 1223 4316 lib.
1245 4253 1314 4315 Vll.
1339 4271 1399 4331 cap.

307 4333 424 4398 xxix.
459 4363 504 4384 -υ
538 4337 638 4412 „Quo
660 4339 709 4416 fit,
737 4351 768 4398 nt
789 4351 819 4399 ct
844 4342 915 4399 imus
936 4350 1034 4401 venter
1055 4342 1083 4401 in
1105 4349 1254 4420 conspectu
1277 4336 1402 4398 modici

307 4420 384 4480 εἰμ’ι
408 4416 477 4483 Lib.
495 4421 565 4486 vlt.
588 4441 650 4503 cap.
674 4423 815 4488 xxix:

754 4597 955 4610 ...un-nnn...—
