3104 5070
496 370 952 536 ,ψῦιιμζΝ

156 593 329 706 rupturam·
345 605 593 699 ligamentorum
622 611 705 676 uteri
714 611 734 690 ,³
752 605 1018 682 vehementiores
1046 602 1088 670 ad
1117 602 1248 689 placen·

155 723 224 784 tam
239 711 477 782 removendam
499 711 692 785 tractiones,
717 709 897 796 praecipue
917 707 951 770 in
978 708 1074 789 partu
1101 720 1249 790 praema-

158 821 256 893 turo,
299 811 537 898 embryoloiam
572 810 615 878 ab
645 811 807 895 imperitis
835 807 976 887 factam,
1005 802 1250 873 vulnerationes

155 917 297 982 omnium
319 935 487 1000 generum,
509 913 605 977 animi
627 909 827 996 pathemata,
852 904 1056 1005 debilitatem·
1075 925 1177 990 quum
1199 911 1250 972 to·

70 1087 79 1104 ,
131 1017 223 1082 ‘tius
247 1016 397 1100 corporis
419 997 747 1084 communitorum,
777 1005 1011 1074 relaxationem
1041 1004 1182 1092 deniqne
1209 1027 1252 1072 ao

92 1175 94 1190 ,
155 1105 327 1201 paralysin
351 1117 435 1180 uteri
457 1103 637 1198 earumque
660 1107 782 1197 quibus
804 1110 955 1194 cingatur
972 1104 1127 1190 partium.
1156 1106 1252 1172 Haec

157 1235 237 1280 esse
259 1219 492 1302 symptomata.
518 1209 591 1279 Sub
606 1211 698 1276 initio
714 1208 818 1276 morbi
830 1204 1108 1290 haemorrhagian
1120 1207 1252 1291 intrare,

157 1315 303 1384 dolorem
332 1313 408 1405 dein
429 1315 462 1381 in
490 1311 685 1393 abdomine,
713 1312 746 1375 iu
775 1306 964 1395 inguinibus
994 1308 1192 1392 praecipue,
1216 1310 1252 1374 in

157 1405 335 1502 epigastrio
358 1421 394 1480 et
415 1411 590 1500 pudendis,
612 1431 844 1496 nonnunquam
866 1427 1046 1494 spasmum.
1069 1405 1253 1492 Hippocra-

156 1513 213 1596 tis,
234 1512 408 1597 Herophili
429 1512 630 1597 aliorumque
654 1511 840 1576 sententiae
862 1505 1055 1574 afferuntur.
1080 1545 1117 1554 -·
1156 1503 1257 1588 Quod

156 1613 340 1698 therapium
363 1616 493 1695 attinet,
518 1610 744 1698 Euryphouis,
776 1609 935 1690 Euenori,
950 1605 1081 1674 Dioclis
1102 1614 1137 1672 et
1158 1606 1254 1674 sua-

1 1723 7 1733 “
90 1737 96 1744 ·
158 1714 248 1778 tonis
283 1711 431 1778 methodi
458 1717 753 1778 commemorantur
779 1710 931 1795 quidem,
960 1706 1023 1774 sed
1051 1710 1253 1794 rejiciuntur.

159 1810 292 1879 Deinde
321 1813 457 1895 exponit
483 1831 536 1890 a.,
571 1829 658 1896 quoe
679 1813 754 1893 ipsc
787 1810 921 1876 sentiat.
979 1805 1021 1876 Si
1046 1809 1185 1906 sanguis
1212 1828 1256 1877 ox

159 1915 255 1977 utero
277 1910 430 1998 profluat,
452 1912 525 1976 siue
546 1909 811 1986 inflammatione,
835 1907 1034 2002 epithemata
1060 1909 1178 1994 frigida
1212 1931 1256 1977 ex
1359 1971 1367 1985 ,

1 2055 5 2066 -
104 2027 116 2042 “
158 2004 246 2097 auus
268 2017 303 2077 et
324 2016 488 2096 oxycrato
510 2013 543 2076 iu
565 2016 693 2076 uterum
715 2029 794 2075 csse
817 2007 981 2090 iacienda,
996 2015 1065 2074 tum
1080 2012 1259 2094 repositio·

157 2135 233 2180 uem
247 2111 482 2180 instituendam
499 2129 577 2176 esse
600 2099 801 2196 (ἁρμόζειν).
822 2108 907 2176 Post
930 2109 1161 2194 repositionem
1184 2132 1256 2195 per·

159 2215 281 2280 lectam
301 2214 476 2298 spongiam
498 2219 556 2278 snt
577 2210 683 2276 lanam
711 2216 872 2296 oxycrato
900 2211 1036 2276 tinctam
1063 2207 1256 2283 involvam

101 2357 103 2364 ,
157 2313 393 2378 immittendam
416 2332 496 2379 esse
517 2309 860 2396 pedihusligamento
882 2307 1070 2394 conjunctis
1093 2297 1256 2377 etentes-
1362 2335 1368 2390 1
1453 2299 1457 2306 ’

158 2415 219 2492 sis,
241 2415 376 2497 regione
399 2411 504 2478 ccxcii
527 2431 606 2478 vero
629 2413 805 2497 supposito
828 2407 988 2493 pulvinari
1011 2408 1159 2504 elevata.¹
1176 2411 1258 2477 Post
1388 2444 1393 2450 ·

159 2519 231 2578 tres
255 2511 327 2576 dies
349 2531 456 2576 novas
479 2513 606 2576 immitti
629 2511 800 2596 spongias.
831 2508 942 2576 Etiam
966 2516 1103 2576 externe
1124 2509 1166 2575 od
1191 2513 1257 2598 cpi·

159 2613 318 2698 'gastrium
341 2611 461 2676 autad
485 2608 606 2695 pubem
629 2613 787 2694 spongias
809 2617 973 2694 oxycrato
996 2616 1054 2677 aut
1075 2612 1151 2676 vino
1174 2614 1256 2680 tino·

159 2719 214 2780 tas
236 2710 408 2797 ponendas
424 2721 512 2776 esse.
534 2710 712 2775 Praeterea
726 2711 880 2775 insessos
896 2717 931 2798 et
945 2711 1079 2778 decoet.
1096 2713 1257 2798 myrthae,

160 2812 354 2882 mastichcs,
380 2812 455 2875 sidii
477 2814 544 2876 etc.
569 2808 847 2875 commendantur.
872 2808 975 2874 Cihos
998 2831 1076 2876 essa
1099 2812 1195 2878 leves
1222 2820 1258 2878 ct

160 2911 340 2998 simplices.
376 2909 507 2974 Fauces
535 2907 762 2972 accumulatas
791 2906 965 2990 clysmatis
994 2930 1058 2994 opa
1087 2929 1255 2978 removeui

161 3009 223 3076 das
246 3029 335 3075 csse.
360 3007 400 3074 Si
422 3025 502 3071 vero
524 3005 733 3096 inflammatio
755 3009 956 3088 accesserit,
979 3007 1066 3075 hanc
1089 3029 1168 3076 esse
1190 3032 1255 3078 me·

161 3107 379 3177 dicaminibns
402 3103 644 3172 emollientibus
667 3109 874 3173 vincendam.
899 3105 939 3174 Si
954 3103 1075 3174 laxitas
1091 3117 1148 3176 aut
1163 3133 1257 3197 para·

159 3211 245 3298 lysis
268 3227 392 3276 caussa
422 3210 467 3274 sit
493 3205 685 3292 prolapsus,
716 3207 953 3292 adstringentia
976 3229 1020 3275 ex
1040 3231 1137 3296 poma
1160 3209 1259 3278 Oido-

160 3315 235 3378 nise
258 3316 338 3403 etc,
360 3314 418 3373 aut
438 3326 561 3392 pessos
583 3327 626 3372 ex
648 3310 733 3382 nitro
752 3314 792 3378 et
812 3307 885 3374 aliis
913 3317 1048 3395 paratos
1073 3313 1107 3376 in
1130 3312 1259 3392 uoluam

160 3407 386 3477 immittendos
420 3427 511 3474 esse.
544 3403 744 3473 Thessalum
775 3407 860 3475 Aloe
890 3417 925 3475 et
954 3413 1071 3477 nitrum
1101 3416 1133 3477 in
1163 3433 1258 3480 usum

161 3533 292 3578 vocare.
315 3547 353 3557 ·-·
377 3509 417 3574 st
440 3508 754 3596 uterus-prolapsus
775 3531 856 3576 vero
872 3514 969 3598 nigri
992 3515 1037 3578 sit
1059 3512 1180 3579 coloris
1202 3521 1259 3580 aut

161 3617 252 3678 totus
274 3614 333 3677 aut
355 3611 430 3696 ejus
452 3629 543 3694 pars,
567 3607 682 3674 eadem
705 3631 791 3695 quae
813 3611 846 3674 in
867 3632 963 3676 noma
986 3614 1030 3678 iu·
1050 3635 1145 3680 usum
1179 3635 1257 3684 esse

151 3709 312 3786 ¹vocanda
335 3711 569 3784 medicamina;
593 3728 679 3796 quoe
701 3713 731 3774 si
753 3709 830 3776 nibil
853 3703 1044 3797 proficiant,
1066 3721 1191 3800 partem
1213 3718 1260 3782 ni·

102 3805 106 3811 ’
163 3808 345 3894 grelactam
366 3809 605 3878 abscidendam
626 3817 722 3885 esse,
748 3816 785 3878 ut
813 3814 845 3877 in
874 3812 994 3899 hepate
1022 3821 1079 3880 aut
1108 3815 1260 3901 pulmone

163 3904 321 3994 prolapso
337 3914 372 3972 et
387 3908 700 3992 gangraeuosdfieri
715 3909 834 3978 soleat.
858 3909 921 3980 Sin
932 3933 1013 3982 vero
1027 3907 1144 3980 uterus
1166 3921 1259 3984 totus
1291 3975 1299 3982 .

165 4010 210 4076 sit
235 4005 424 4094 prolapsus,
447 4012 553 4074 totum
572 4011 670 4076 etism
691 4031 770 4077 esse
785 4011 1037 4095 abscidendum,
1050 4016 1127 4101 quia
1142 4021 1212 4084 tum
1226 4027 1261 4085 et

165 4107 276 4176 honus
292 4113 326 4174 et
341 4107 472 4173 faustus
485 4105 608 4176 evadat
631 4114 780 4195 corporis
802 4118 951 4192 stutue.¹)
968 4110 1008 4181 Si
1030 4121 1145 4184 uterus
1167 4103 1259 4186 exul-

192 4254 347 4263 ...ωσι-...αι

136 4387 138 4392 Ι
220 4308 281 4412 Ι1.
325 4303 603 4408 „Meloodcp'opc
625 4305 662 4372 dh
683 4306 793 4397 αὐτῆς
814 4306 884 4379 ἀπὸ
905 4289 1031 4403 μέρους
1058 4309 1115 4380 dcci
1138 4309 1178 4381 τὸ
1199 4311 1258 4393 ’ἔξω
1321 4307 1327 4320 “

167 4413 286 4488 potone
314 4386 447 4494 ulcione
476 4409 625 4492 xpopota,
657 4392 723 4458 acl
744 4397 778 4461 cl
802 4419 892 4474 τινες
920 4397 1156 4487 συνιστοροῦσι
1178 4421 1259 4486 oopu-

144 4526 147 4531 .
171 4476 292 4573 βιωσαρ
313 4498 416 4564 μεχρι
441 4497 572 4548 mutuos
594 4471 683 4543 εἶναι
705 4471 771 4564 τήν
797 4472 938 4570 μήτραν
959 4497 1259 4571 mpomsrusuuvlov,
