3104 5070
752 395 944 466 -6-r

175 631 179 638 .
225 553 229 557 ’
304 595 370 661 que
392 569 542 664 eorporis
571 529 851 652 constitutionem,
881 571 1100 641 membrorum
1126 517 1320 656 firmitatem,
1349 573 1401 641 di·

304 679 394 762 gitos
415 681 611 764 praesertim
629 684 669 748 ¹et
689 678 806 764 longus
830 682 864 744 et
885 681 1019 743 teucros
1041 671 1207 762 unguibus
1236 674 1400 750 resectir;

301 841 506 855 m

301 911 449 1029 retina,
472 929 632 1012 Asiana,
656 929 758 1008 nese,
789 926 933 1014 aereque
957 923 1186 1012 oaneaynnu
1208 917 1312 1008 (aare.
1336 923 1400 992 nr.

301 1033 331 1076 v.
356 1013 504 1080 Sr'ebold.
530 1039 559 1100 p.
581 1014 756 1078 559-60
779 1022 920 1098 nsque);
958 1034 975 1074 a
998 1009 1160 1074 Romanis
1182 1009 1240 1072 dea
1264 1009 1400 1082 Lucina,

303 1094 393 1162 duno
416 1098 467 1161 vel
488 1097 578 1163 Juuo
598 1097 741 1179 ‚Lucium
765 1095 870 1167 Proca
893 1095 945 1160 vel
967 1095 1101 1171 prorsa,
1126 1094 1281 1168 Porrima,
1304 1092 1415 1158 Post-'

302 1192 405 1258 verta,
426 1181 545 1268 Egeria
569 1192 602 1245 ct
622 1183 680 1246 Dii
706 1182 787 1245 nixii
804 1183 831 1255 ¹)
859 1203 877 1242 a
900 1177 1158 1266 parturientibus
1182 1178 1220 1240 in
1238 1177 1401 1242 auxilium

300 1265 510 1332 vocabantur.
528 1267 631 1352 (conl.
647 1267 708 1333 Ed.
726 1263 863 1331 nster».
881 1262 1098 1352 prdidit—Q).
1145 1260 1216 1326 Neo
1231 1283 1308 1328 rero
1332 1273 1402 1325 tan·

301 1358 370 1413 tum
400 1349 497 1434 deas,
535 1374 619 1439 (puae
657 1352 706 1416 rei
738 1347 945 1413 obstetriciae
995 1345 1159 1416 reccidere
1188 1346 1401 1434 putabantur,
1454 1379 1457 1386 ¹

304 1433 445 1500 maxime
483 1435 588 1500 cultas
623 1445 654 1499 et
681 1435 887 1521 observatas,
926 1371 995 1494 secl)
1014 1431 1110 1494 etiam
1143 1431 1278 1495 lerninas
1316 1433 1401 1494 bane

280 1527 405 1582 'artem
425 1520 619 1606 'prolitentes
640 1541 769 1583 summo
797 1517 832 1580 in
857 1519 983 1596 honore
1014 1515 1130 1595 luisse,
1156 1515 1235 1578 inde
1263 1517 1402 1578 fortasse

248 1693 256 1710 κ
303 1602 897 1752 iili³⁰³³iiali¹linillidii?
908 1604 1180 1772 „li”{‚⁸¹isi‘¹ii
1213 1599 1430 1748 ‘titlttt‘

172 1799 174 1804 ·
304 1771 546 1836 obstetricum“
568 1771 715 1849 disserit,
749 1770 844 1835 Plato
859 1771 900 1852 b),
932 1767 1098 1841 Socratem
1122 1791 1158 1832 se
1184 1760 1264 1835 niba
1294 1765 1403 1852 μαίας

303 1850 398 1936 μάλα
419 1851 580 1941 γενναίας
602 1880 640 1920 τε
661 1853 717 1920 acri
740 1855 909 1942 βλοσυρᾶς
935 1852 1147 1936 Φαιναρέτης
1170 1849 1270 1932 εἶναι,
1300 1853 1404 1917 filiurn
1529 1931 1530 1936 η

305 1959 379 2002 esse
411 1938 597 2004 obstetricis
630 1961 807 2028 generosae
836 1939 1011 2026 gravisque
1039 1939 1258 2002 l¹lroenaretae
1295 1937 1403 2024 ipsum

235 2079 243 2089 ,
272 2083 276 2092 ,
306 2021 511 2104 profitentem
536 2024 626 2099 dicit.
671 2026 743 2089 Nee
766 2044 842 2089 vero
859 2024 955 2086 modo
972 2021 1229 2111 parturientibus
1245 2023 1402 2085 auxilium
1529 2039 1530 2046 ¹

304 2106 454 2171 terebant
475 2108 553 2174 illae
575 2109 730 2183 feminae,
755 2108 812 2172 sed
837 2108 970 2192 nuptias
993 2107 1090 2174 etiam
1113 2106 1344 2188 conciliabant,
1368 2117 1404 2170 ut
1529 2129 1530 2140 ¹

291 2211 344 2254 -ex
374 2190 501 2259 Platon.
524 2215 553 2260 a.
575 2191 599 2258 l.
624 2219 654 2280 p.
679 2195 755 2258 tot.
787 2193 909 2258 elucet:
957 2191 1139 2275 „legitimis
1169 2190 1402 2256 obstetricibus
1529 2239 1530 2256 .

303 2273 388 2339 eolis
425 2280 579 2348 convenit
615 2288 701 2342 reete
739 2299 843 2340 mares
882 2276 1084 2360 feminasque
1117 2275 1273 2360 jugare.“¹
1325 2273 1402 2338 Mox

303 2379 381 2422 vero
404 2359 538 2426 morbos
568 2384 682 2426 curare
711 2373 742 2424 et
772 2359 983 2423 medicamina
1017 2359 1130 2422 illicita
1160 2359 1326 2446 porrigere
1348 2381 1401 2424 co·

302 2442 523 2528 urbantate).
577 2443 633 2509 Sic
669 2443 791 2532 Salpen
834 2442 1049 2507 medicamina
1084 2456 1195 2507 contra
1233 2443 1421 2530 oculorum,
1529 2499 1530 2504 ,

304 2527 460 2612 morbos,
485 2529 504 2590 h
531 2527 782 2616 dropbobiam.
798 2529 922 2592 lebrcur
946 2527 1215 2594 intromittentem
1239 2539 1299 2592 cte.
1328 2543 1404 2614 por·

303 2613 428 2676 rexisse
450 2635 491 2676 cx
544 2611 603 2678 lin.
639 2615 715 2679 laist.
741 2620 806 2681 nat.
836 2638 870 2701 p.
893 2613 958 2678 591
982 2611 1218 2699 comperimus.
1262 2611 1405 2688 Medica·

304 2697 403 2784 mina
433 2695 637 2762 sterilitatem
675 2697 848 2762 efficientia
883 2696 1056 2784 Aspasiam
1090 2697 1280 2760 attribuisse
1317 2697 1402 2786 apud

304 2781 440 2846 Aetium
462 2779 602 2866 legimus
617 2783 662 2864 ¹¹):
698 2784 753 2866 „si
781 2781 897 2846 muller
919 2781 959 2846 ad
982 2779 1184 2870 gignendum
1208 2782 1329 2846 loetum
1352 2784 1402 2844 in·

244 2871 251 2880 '
305 2876 381 2952 epta
403 2886 462 2951 per
483 2865 716 2952 negligentiam
740 2867 944 2954 conceperit,
972 2867 1114 2954 primum
1142 2889 1247 2954 noque
1276 2867 1315 2930 ad
1346 2867 1403 2930 tri⁴

241 2999 245 3006 .
305 2947 466 3034 gesimam
500 2950 587 3016 diem
615 2951 778 3017 contraria
807 2953 885 3016 fiant
912 2951 1102 3038 lris,‘quae
1131 2973 1229 3037 supra
1259 2951 1299 3013 de
1326 2973 1403 3014 cura

304 3027 562 3122 praegnintibns
585 3037 769 3101 adhibenda
793 3031 951 3116 diximus,
982 3035 1025 3099 ita
1050 3049 1085 3099 nt
1108 3035 1403 3100 vehementissimis

306 3119 452 3182 motibus
475 3120 521 3182 nti
540 3121 699 3207 jubeatur
721 3131 753 3183 et
775 3131 812 3183 ut
834 3121 939 3197 saliat,
962 3127 999 3182 a'e
1022 3111 1214 3204 gravissima
1236 3143 1336 3185 onera
1357 3119 1403 3183 le·

307 3211 360 3266 ret
381 3205 474 3269 etc.“
495 3239 538 3251 -
558 3205 718 3270 Abortiva
742 3201 898 3288 offerebat
921 3203 1093 3292 Olympias
1115 3205 1288 3285 Thebana,
1312 3203 1401 3269 conl.

304 3284 394 3350 Plin.
417 3285 467 3352 ed.
491 3285 654 3356 Hardniu.
698 3287 792 3352 Paris
808 3289 906 3353 l7dl.
924 3289 981 3354 ful.
997 3289 1073 3354 Lib.
1089 3288 1249 3354 XXVlll.
1268 3312 1295 3356 c.
1308 3285 1402 3356 xlx.

304 3369 401 3436 Tem.
423 3369 465 3436 ll.
488 3393 521 3459 p.
543 3369 615 3438 484
638 3381 670 3438 et
690 3371 745 3440 85.
767 3396 800 3462 p.
823 3374 890 3438 222
912 3385 944 3438 et
965 3375 1046 3442 455.
1072 3412 1115 3425 --
1137 3373 1220 3439 ltcnr
1239 3373 1404 3462 Elephan-

304 3530 511 3546 *annu—u-

390 3609 424 3691 a)
467 3610 565 3686 „Dii
594 3613 689 3671 nixii
716 3613 894 3691 appellantur
921 3615 1085 3692 triajsigua
1113 3580 1141 3673 in
1178 3614 1309 3690 capitolio
1339 3621 1403 3671 autc

306 3694 403 3754 sellam
425 3695 575 3757 Minervae
603 3699 720 3775 genibus
743 3702 826 3770 nixa,
858 3701 936 3758 r'elut
965 3698 1156 3778 praesidentes
1174 3699 1338 3776 parientium
1361 3698 1402 3756 ni·

304 3779 430 3839 xibus.“
472 3781 575 3842 Festus
596 3784 624 3841 iu
645 3782 765 3842 Meursii
786 3793 962 3860 syntagmate
985 3783 1020 3842 de
1041 3785 1191 3864 puerperio
1213 3802 1275 3862 cap.
1299 3788 1329 3842 1.

306 3865 309 3872 “
379 3861 423 3944 b)
466 3865 580 3926 Platon.
610 3865 760 3928 Theaetet.
792 3866 838 3925 ed.
869 3867 900 3928 J.
926 3867 1050 3930 becker.
1096 3867 1195 3927 berol.
1228 3873 1323 3927 1817.
1368 3870 1400 3947 8.
1529 3883 1530 3896 ’

191 3973 197 3984 ·
303 3967 333 4028 p.
358 3953 390 4008 a.
416 3947 486 4011 Vol.
510 3951 534 4013 1.·
555 3972 584 4032 ρ.
610 3957 671 4010 too
693 3963 723 4011 et
743 3970 871 4031 seq.—

390 4031 420 4114 e)
463 4036 568 4110 „Quin
590 4037 675 4097 etiam
699 4036 813 4096 medelis
836 4048 865 4096 et
886 4035 1120 4096 incantationibus
1142 4034 1307 4094 obstetrices
1327 4036 1402 4093 exei-

306 4127 368 4176 taro
396 4118 540 4179 mollireva
573 4131 669 4199 partos
701 4124 862 4180 vexationes
894 4121 988 4180 valent
1020 4131 1049 4178 et
1078 4137 1165 4197 aegre
1187 4119 1401 4200 parturientibus

306 4202 619 4346 opitullperpkloetosquo
652 4202 773 4272 educere
808 4211 894 4265 etc.“
945 4205 1060 4266 Platon.
1091 4205 1241 4265 Theaetet.
1272 4223 1301 4281 p.
1329 4207 1398 4262 190.
1459 4293 1463 4300 Ι
1496 4239 1501 4245 ·

306 4303 354 4345 θ·
460 4305 503 4348 ΕΓ.
1372 4318 1376 4326 .

279 4407 285 4422 .
393 4369 425 4450 d)
467 4373 546 4433 serti
565 4371 722 4434 Tetrabibl.
747 4375 802 4437 tv.
838 4371 932 4433 Serra.
957 4372 1011 4434 tv.
1036 4329 1108 4452 Gap.
1132 4369 1246 4435 thtt.
1285 4369 1401 4434 Foetom
1454 4373 1460 4386 '

309 4459 524 4540 corrumpentia.
570 4457 617 4520 Ex
638 4457 771 4539 Aspasia.
817 4458 1025 4522 oasitano.
1049 4458 1101 4517 lot.
1125 4487 1166 4502 -
1353 4467 1355 4474 ’
