3104 5070
737 430 1035 528 „aros-x

303 629 369 696 quo
397 609 498 677 tubus
528 610 571 676 ad
603 609 756 696 genitalia
785 627 891 698 usque
921 613 1119 698 pertineret,
1148 601 1332 684 calefactis.
1368 619 1398 682 A

115 698 116 702 ’
237 713 251 730 ·'
301 709 428 778 Manlia
448 709 592 794 infantes
610 711 710 795 juxta
731 717 845 778 matris
866 713 991 780 femora
1013 715 1101 798 poni,
1124 718 1296 783 uteorum
1316 737 1399 801 pon·

304 809 383 878 dere
405 814 439 877 et
459 815 550 878 motu
581 809 716 878 chorico
746 832 791 879 ex
812 797 915 879 ⁴ritero
946 811 1109 897 trahatnr3
1158 834 1260 900 quum
1288 820 1399 911 antem

303 909 411 975 infans
429 911 499 995 jam
521 911 697 996 sejunctus
720 917 805 980 sita
829 911 999 998 placenta,
1020 911 1186 996 plumbum
1208 913 1251 979 ab
1279 935 1320 982 eo
1349 915 1399 982 io·
1448 913 1454 920 ’

303 1009 414 1075 nicnlo
435 1009 614 1076 umbilicali
633 1010 768 1098 alligari,
800 1014 897 1096 cnjus
925 1015 1072 1098 pondere
1101 999 1399 1082 choriiextractio
1469 1084 1474 1096 ,
1540 1079 1541 1094 ,

303 1107 370 1173 fiat.
417 1104 510 1189 Quae
532 1110 639 1175 omnia
661 1136 741 1182 vero
765 1121 800 1182 et
819 1111 944 1179 inutilia
967 1116 1002 1179 et
1022 1115 1122 1178 noxia
1144 1135 1223 1180 csse
1246 1113 1408 1218 Soranuss

199 1251 203 1269 .
304 1212 509 1294 argumentis
537 1207 672 1276 uherius
703 1215 868 1285 expositis
900 1212 1076 1279 ostendere
1114 1214 1236 1281 studet.
1286 1215 1401 1316 Docet

177 1359 184 1368 .
302 1307 392 1374 idem
415 1311 559 1393 egregie,
585 1331 650 1395 qna
672 1313 798 1377 ratione
820 1311 973 1399 placenta
996 1313 1214 1398 removeatnr,
1237 1298 1294 1381 aut
1316 1319 1345 1382 si
1368 1321 1406 1398 in

226 1462 228 1468 .
305 1417 399 1473 utero
421 1411 548 1472 tantum
569 1408 705 1476 haereat
726 1432 789 1477 nec
811 1419 919 1479 tamen
942 1411 1074 1495 coalita,
1097 1421 1155 1480 aut
1172 1417 1206 1480 si
1230 1436 1304 1481 cum
1326 1422 1400 1510 ute-

272 1521 276 1528 ’
304 1510 331 1572 ri
353 1506 454 1573 fundo
478 1505 678 1580 cohaesione
700 1515 886 1579 arctissime
920 1516 978 1582 sit
994 1513 1178 1602 conjuncta.
1215 1505 1269 1591 ‚Si
1290 1517 1399 1583 inians

304 1606 413 1674 adhoc
436 1604 614 1676 cohaereat
636 1633 710 1677 cum
735 1609 900 1700 placenta,
923 1613 1025 1682 altera
1047 1637 1144 1682 mann
1172 1617 1328 1710 insontem
1349 1624 1400 1686 te·

305 1707 446 1773 nendum
469 1695 559 1788 esse,
583 1709 687 1778 altera
708 1735 789 1780 vero
812 1720 911 1782 cante
932 1715 1115 1804 secondom
1136 1716 1274 1784 funiculi
1295 1718 1408 1800 umbi,

144 1803 149 1812 '
194 1889 196 1898 Ι
304 1806 411 1872 licalis
434 1806 611 1876 decursum
632 1815 684 1879 sic
707 1815 863 1880 utendum
885 1837 975 1900 esse,
998 1823 1035 1884 nt
1063 1816 1242 1884 lenissimis
1263 1821 1400 1885 tractio·

305 1907 403 1974 nibus
425 1909 603 1994 conjuncta
626 1912 777 1997 placenta
800 1916 960 1999 solvatur,
981 1923 1170 2005 nentiquam
1193 1941 1272 1984 vcro
1294 1913 1400 1988 vi'ad·

304 1997 408 2074 hibita
432 2011 644 2095 rumpendam
666 2035 758 2092 esse,
783 2005 932 2102 alioquin
950 2018 1046 2084 facile
1072 2023 1400 2094 uteriinversionem

283 2106 384 2195 'fieri
410 2106 537 2189 Quodsi
558 2119 666 2180 autem
691 2117 753 2180 hoc
776 2117 873 2198 modo
896 2123 1036 2185 semotio
1058 2119 1232 2205 placentae
1254 2120 1401 2189 fierinon

304 2211 431 2292 possit,
459 2211 616 2278 infantem
639 2214 783 2292 funiculo
811 2214 986 2285 umbilicali
1012 2224 1182 2305 perscisso
1205 2241 1225 2287 a
1247 2220 1400 2308 placenta

304 2308 547 2402 sejungendum
569 2334 666 2390 esse3
691 2316 764 2382 dein
787 2338 885 2385 mann
908 2318 981 2386 oleo
1004 2320 1083 2386 illita
1107 2330 1142 2386 et
1164 2325 1249 2387 uteri
1270 2322 1393 2389 orificio

306 2416 432 2502 aperto
446 2399 543 2477 cau'te
565 2413 710 2481 immissa
732 2416 918 2500 placentam
939 2441 959 2484 a
982 2419 1183 2488 cohaesione
1207 2444 1281 2492 cnm
1303 2430 1398 2490 utero

300 2511 369 2591 jam
392 2509 533 2575 solutam
555 2522 654 2580 cante
677 2516 907 2583 removendam
929 2541 1027 2605 esse3
1048 2530 1214 2590 accretam
1230 2522 1400 2616 neronum

197 2595 206 2694 ff
306 2604 408 2674 tundo
424 2592 514 2676 'uteri
535 2603 587 2679 sic
609 2617 772 2702 agendum
789 2625 917 2702 csse¹)=
940 2625 1000 2704 „el
1021 2623 1058 2688 di
1083 2614 1319 2712 προςπεφοκός
1344 2625 1398 2713 εἴη

263 2715 268 2724 ’
308 2707 355 2794 τῷ
386 2703 450 2795 τῆς
478 2705 622 2802 ὑστέρας
651 2715 819 2802 πυθμένι,
841 2717 1001 2788 καθιέναι
1021 2725 1087 2809 μέν
1101 2715 1238 2813 ’ὅμοίως
1260 2725 1311 2792 dai
1333 2720 1427 2813 τήν,

294 2817 404 2896 ’χεῖρα
418 2802 556 2898 θερμήν
578 2813 636 2879 καὶ
657 2815 919 2908 λελιπασμένην,
936 2822 1144 2912 συλλαβόντα
1166 2825 1202 2892 dl
1222 2821 1262 2893 τὸ
1281 2825 1400 2918 χορίον

308 2909 415 3007 ἕλκειν
441 2905 491 2998 μή
522 2909 573 2990 ἐπ’
604 2912 743 2993 εὐθείας
774 2913 829 2988 dccl
858 2915 921 2990 τὸν
949 2925 1013 3010 τῆς
1039 2919 1265 3016 πρσπτώσεως
1288 2922 1400 3019 φόβον

308 3008 371 3094 τῆς
381 3003 534 3100 μήτρας,
557 3009 638 3080 ἀλλὰ
659 3018 750 3105 μηδὲ
770 3017 858 3106 μετα
880 3021 1127 3120 βέαςζίσχνρᾶς,
1143 3029 1333 3118 πειθηνίως
1349 3031 1398 3116 di,
1511 3039 1516 3051 ¹
1540 3035 1541 3048 ¹

268 3191 270 3196 Ι
305 3109 364 3175 καλ
392 3105 432 3176 τὸ
459 3115 525 3197 μὲν
554 3117 691 3203 πρῶτον
721 3121 900 3206 ἀνιέμενον
926 3124 1090 3216 μετάγειν
1119 3134 1167 3205 εἰς
1195 3133 1237 3198 voi
1258 3123 1397 3221 πλάγια,

307 3209 391 3298 τῇδε
413 3209 543 3280 κάκεῖσε
565 3219 823 3310 παραφέρονται,
847 3221 921 3290 εἶτα
948 3227 1006 3295 καὶ
1034 3221 1261 3322 εὐτονώτερον
1288 3231 1405 3310 ποσῶς,

308 3308 471 3396 ἐφέλκειν*
501 3309 666 3384 ὑπακούει
693 3319 763 3409 γάρ,
787 3320 896 3414 τούτῳ
925 3329 972 3416 τῷ
995 3323 1111 3421 τρόπῳ
1133 3335 1191 3400 καὶ
1214 3328 1400 3426 ἀπολύεται

307 3408 371 3495 τῆς
391 3404 650 3498 προςφιλσεως.“
681 3423 855 3504 „sivero
886 3433 971 3516 nteri
998 3432 1099 3502 tundo
1122 3441 1401 3522 eonnerofuerit,

307 3508 456 3578 similiter
477 3515 609 3600 quidem
632 3542 762 3592 manum
791 3527 1003 3612 immittemus
1031 3535 1172 3623 calidam
1202 3549 1236 3607 et
1263 3543 1400 3628 pingue·

239 3641 243 3653 x
267 3681 268 3688 p
307 3609 441 3706 iactam,
463 3636 578 3682 verum
594 3623 838 3709 'apprehensam
860 3631 1041 3718 secundam
1064 3658 1130 3703 non
1152 3642 1262 3707 statim
1278 3647 1402 3710 rectam

309 3714 513 3780 attrahemns
536 3729 671 3806 propter
692 3725 869 3812 prolapsus
892 3730 1010 3800 vulvae
1038 3737 1204 3824 timorem,
1233 3743 1296 3808 sed
1325 3764 1403 3809 sen·

307 3815 369 3876 sim
390 3811 476 3878 nnlla
499 3816 653 3885 violentia
675 3823 821 3891 adhibita
849 3832 986 3914 primum
1014 3837 1046 3902 in
1073 3838 1245 3927 obliquum
1273 3844 1404 3932 placido

246 3985 250 3990 .
309 3908 568 3996 ducemus,'hac
591 3927 625 3987 et
646 3920 724 3991 illuc
746 3926 971 4000 obvenientes.
1005 3935 1134 4007 Deinde
1157 3941 1322 4028 aliquanto
1344 3966 1401 4011 va·

309 4008 406 4077 lidius
420 4016 641 4106 attrahemus3
665 4026 716 4091 sic
739 4030 825 4094 enim
848 4030 963 4099 obedit
985 4043 1019 4102 et
1041 4058 1060 4102 a
1083 4046 1295 4110 concretione
1310 4029 1400 4112 exol-

308 4245 512 4263 ψ

330 4433 339 4450 ·
365 4315 422 4414 Ἰ.
466 4349 563 4418 llnne
591 4355 723 4447 locum,
755 4388 855 4451 qnnm
885 4369 1003 4438 summi
1032 4377 1188 4450 momenti
1216 4379 1297 4448 miti
1327 4402 1399 4449 eoas

308 4433 486 4520 videretur,
508 4448 609 4506 totum
634 4444 939 4548 hnc-transscripsi.
