<?xml version="1.0" encoding="UTF-8"?>
<!DOCTYPE html PUBLIC "-//W3C//DTD XHTML 1.0 Transitional//EN"
    "http://www.w3.org/TR/xhtml1/DTD/xhtml1-transitional.dtd">
<html xmlns="http://www.w3.org/1999/xhtml" xml:lang="en" lang="en">
 <head>
  <title>
</title>
<meta http-equiv="Content-Type" content="text/html;charset=utf-8" />
  <meta name='ocr-system' content='tesseract 3.04.00' />
  <meta name='ocr-capabilities' content='ocr_page ocr_carea ocr_par ocr_line ocrx_word'/>
</head>
<body>
  <div class='ocr_page' id='page_1' title='image "./artisobstetrici00pinogoog_0031.png"; bbox 0 0 3104 5070; ppageno 0'>
   <div class='ocr_carea' id='block_1_1' title="bbox 750 454 975 520">
    <p class='ocr_par' dir='ltr' id='par_1_1' title="bbox 750 454 975 520">
     <span class='ocr_line' id='line_1_1' title="bbox 823 465 831 473; baseline 0 0"><span class='ocrx_word' id='word_1_1' title='bbox 823 465 831 473; x_wconf 89' lang='lat'>.</span> 
     </span>
     <span class='ocr_line' id='line_1_2' title="bbox 750 454 975 520; baseline -0.004 -13"><span class='ocrx_word' id='word_1_2' title='bbox 750 491 792 507; x_wconf 91' lang='lat'><strong>..</strong></span> <span class='ocrx_word' id='word_1_3' title='bbox 836 454 975 520; x_wconf 68' lang='lat'><strong>22,-</strong></span> 
     </span>
    </p>
   </div>
   <div class='ocr_carea' id='block_1_2' title="bbox 310 617 1415 1419">
    <p class='ocr_par' dir='ltr' id='par_1_2' title="bbox 310 617 1415 1419">
     <span class='ocr_line' id='line_1_3' title="bbox 310 617 1415 728; baseline -0.006 -21"><span class='ocrx_word' id='word_1_4' title='bbox 310 637 485 716; x_wconf 85' lang='lat' dir='ltr'><strong>adnatum‚</strong></span> <span class='ocrx_word' id='word_1_5' title='bbox 514 657 534 705; x_wconf 85' lang='lat' dir='ltr'><strong>a</strong></span> <span class='ocrx_word' id='word_1_6' title='bbox 555 634 744 704; x_wconf 83' lang='lat' dir='ltr'><strong>membrana</strong></span> <span class='ocrx_word' id='word_1_7' title='bbox 765 638 857 705; x_wconf 88' lang='lat' dir='ltr'><strong>tenui</strong></span> <span class='ocrx_word' id='word_1_8' title='bbox 871 635 1099 728; x_wconf 76' lang='lat' dir='ltr'><strong>constantem.</strong></span> <span class='ocrx_word' id='word_1_9' title='bbox 1142 629 1198 698; x_wconf 88' lang='lat' dir='ltr'><strong>De</strong></span> <span class='ocrx_word' id='word_1_10' title='bbox 1219 617 1284 700; x_wconf 83' lang='lat' dir='ltr'><strong>una</strong></span> <span class='ocrx_word' id='word_1_11' title='bbox 1306 653 1415 700; x_wconf 89' lang='lat' dir='ltr'><strong>mem-</strong></span> 
     </span>
     <span class='ocr_line' id='line_1_4' title="bbox 310 725 1413 822; baseline -0.005 -17"><span class='ocrx_word' id='word_1_12' title='bbox 310 737 425 817; x_wconf 83' lang='lat' dir='ltr'><strong>brana,</strong></span> <span class='ocrx_word' id='word_1_13' title='bbox 451 741 492 806; x_wconf 88' lang='lat' dir='ltr'><strong>de</strong></span> <span class='ocrx_word' id='word_1_14' title='bbox 511 740 617 805; x_wconf 86' lang='lat' dir='ltr'><strong>omnio</strong></span> <span class='ocrx_word' id='word_1_15' title='bbox 637 725 775 822; x_wconf 77' lang='lat' dir='ltr'><strong>nempe,</strong></span> <span class='ocrx_word' id='word_1_16' title='bbox 798 737 975 804; x_wconf 75' lang='lat' dir='ltr'><strong>dissentire</strong></span> <span class='ocrx_word' id='word_1_17' title='bbox 997 733 1107 800; x_wconf 83' lang='lat' dir='ltr'><strong>adhoc</strong></span> <span class='ocrx_word' id='word_1_18' title='bbox 1128 737 1300 817; x_wconf 71' lang='lat' dir='ltr'><strong>auctores,</strong></span> <span class='ocrx_word' id='word_1_19' title='bbox 1316 733 1413 800; x_wconf 73' lang='lat' dir='ltr'><strong>nanc</strong></span> 
     </span>
     <span class='ocr_line' id='line_1_5' title="bbox 312 831 1413 915; baseline -0.007 -9"><span class='ocrx_word' id='word_1_20' title='bbox 312 841 398 906; x_wconf 87' lang='lat' dir='ltr'><strong>enim</strong></span> <span class='ocrx_word' id='word_1_21' title='bbox 419 839 549 908; x_wconf 83' lang='lat' dir='ltr'><strong>differre</strong></span> <span class='ocrx_word' id='word_1_22' title='bbox 571 837 729 907; x_wconf 85' lang='lat' dir='ltr'><strong>laevitate</strong></span> <span class='ocrx_word' id='word_1_23' title='bbox 750 859 770 902; x_wconf 91' lang='lat' dir='ltr'><strong>a</strong></span> <span class='ocrx_word' id='word_1_24' title='bbox 791 835 960 904; x_wconf 84' lang='lat' dir='ltr'><strong>brutorum</strong></span> <span class='ocrx_word' id='word_1_25' title='bbox 982 831 1192 915; x_wconf 86' lang='lat' dir='ltr'><strong>membrana,</strong></span> <span class='ocrx_word' id='word_1_26' title='bbox 1213 845 1280 898; x_wconf 87' lang='lat' dir='ltr'><strong>non</strong></span> <span class='ocrx_word' id='word_1_27' title='bbox 1301 838 1413 899; x_wconf 88' lang='lat' dir='ltr'><strong>totum</strong></span> 
     </span>
     <span class='ocr_line' id='line_1_6' title="bbox 312 931 1413 1026; baseline -0.007 -19"><span class='ocrx_word' id='word_1_28' title='bbox 312 960 446 1026; x_wconf 86' lang='lat' dir='ltr'><strong>eorpus,</strong></span> <span class='ocrx_word' id='word_1_29' title='bbox 468 940 530 1006; x_wconf 89' lang='lat' dir='ltr'><strong>sed</strong></span> <span class='ocrx_word' id='word_1_30' title='bbox 552 959 671 1006; x_wconf 84' lang='lat' dir='ltr'><strong>nasum</strong></span> <span class='ocrx_word' id='word_1_31' title='bbox 692 941 844 1018; x_wconf 71' lang='lat' dir='ltr'><strong>tontum,</strong></span> <span class='ocrx_word' id='word_1_32' title='bbox 864 957 905 1003; x_wconf 85' lang='lat' dir='ltr'><strong>os</strong></span> <span class='ocrx_word' id='word_1_33' title='bbox 927 941 963 1002; x_wconf 90' lang='lat' dir='ltr'><strong>et</strong></span> <span class='ocrx_word' id='word_1_34' title='bbox 984 937 1126 1014; x_wconf 74' lang='lat' dir='ltr'><strong>dnom1)</strong></span> <span class='ocrx_word' id='word_1_35' title='bbox 1149 931 1413 1005; x_wconf 78' lang='lat' dir='ltr'><strong>circumvolven-</strong></span> 
     </span>
     <span class='ocr_line' id='line_1_7' title="bbox 312 1033 1414 1124; baseline -0.005 -18"><span class='ocrx_word' id='word_1_36' title='bbox 312 1045 379 1106; x_wconf 88' lang='lat' dir='ltr'><strong>tem</strong></span> <span class='ocrx_word' id='word_1_37' title='bbox 394 1042 435 1122; x_wconf 79' lang='lat'><strong>²).</strong></span> <span class='ocrx_word' id='word_1_38' title='bbox 481 1036 546 1106; x_wconf 79' lang='lat' dir='ltr'><strong>Cui</strong></span> <span class='ocrx_word' id='word_1_39' title='bbox 565 1039 713 1124; x_wconf 84' lang='lat' dir='ltr'><strong>opinioni</strong></span> <span class='ocrx_word' id='word_1_40' title='bbox 734 1037 855 1104; x_wconf 85' lang='lat' dir='ltr'><strong>multos</strong></span> <span class='ocrx_word' id='word_1_41' title='bbox 885 1055 964 1102; x_wconf 84' lang='lat' dir='ltr'><strong>esse</strong></span> <span class='ocrx_word' id='word_1_42' title='bbox 990 1035 1190 1116; x_wconf 59' lang='lat' dir='ltr'><strong>contrariom</strong></span> <span class='ocrx_word' id='word_1_43' title='bbox 1216 1033 1301 1098; x_wconf 82' lang='lat' dir='ltr'><strong>alios</strong></span> <span class='ocrx_word' id='word_1_44' title='bbox 1315 1035 1414 1100; x_wconf 80' lang='lat' dir='ltr'><strong>enim</strong></span> 
     </span>
     <span class='ocr_line' id='line_1_8' title="bbox 313 1133 1414 1222; baseline -0.009 -16"><span class='ocrx_word' id='word_1_45' title='bbox 313 1139 528 1222; x_wconf 75' lang='lat' dir='ltr'><strong>contendere,</strong></span> <span class='ocrx_word' id='word_1_46' title='bbox 551 1141 681 1205; x_wconf 89' lang='lat' dir='ltr'><strong>omnino</strong></span> <span class='ocrx_word' id='word_1_47' title='bbox 693 1157 772 1204; x_wconf 84' lang='lat' dir='ltr'><strong>nssr</strong></span> <span class='ocrx_word' id='word_1_48' title='bbox 790 1137 914 1204; x_wconf 81' lang='lat' dir='ltr'><strong>adesse</strong></span> <span class='ocrx_word' id='word_1_49' title='bbox 935 1135 1020 1203; x_wconf 86' lang='lat' dir='ltr'><strong>hene</strong></span> <span class='ocrx_word' id='word_1_50' title='bbox 1033 1133 1269 1213; x_wconf 82' lang='lat' dir='ltr'><strong>membranam,</strong></span> <span class='ocrx_word' id='word_1_51' title='bbox 1286 1135 1414 1220; x_wconf 83' lang='lat' dir='ltr'><strong>quippe</strong></span> 
     </span>
     <span class='ocr_line' id='line_1_9' title="bbox 313 1221 1413 1325; baseline -0.006 -21"><span class='ocrx_word' id='word_1_52' title='bbox 313 1244 501 1325; x_wconf 74' lang='lat' dir='ltr'><strong>quaenunt</strong></span> <span class='ocrx_word' id='word_1_53' title='bbox 522 1221 655 1325; x_wconf 71' lang='lat' dir='ltr'><strong>pedum</strong></span> <span class='ocrx_word' id='word_1_54' title='bbox 678 1259 745 1303; x_wconf 88' lang='lat' dir='ltr'><strong>non</strong></span> <span class='ocrx_word' id='word_1_55' title='bbox 771 1238 968 1304; x_wconf 74' lang='lat' dir='ltr'><strong>inveniatur.</strong></span> <span class='ocrx_word' id='word_1_56' title='bbox 1009 1236 1148 1321; x_wconf 75' lang='lat' dir='ltr'><strong>dquam·</strong></span> <span class='ocrx_word' id='word_1_57' title='bbox 1175 1251 1256 1299; x_wconf 84' lang='lat' dir='ltr'><strong>vero</strong></span> <span class='ocrx_word' id='word_1_58' title='bbox 1283 1229 1413 1315; x_wconf 81' lang='lat' dir='ltr'><strong>(amnti)</strong></span> 
     </span>
     <span class='ocr_line' id='line_1_10' title="bbox 313 1333 1413 1419; baseline -0.008 -13"><span class='ocrx_word' id='word_1_59' title='bbox 313 1359 381 1406; x_wconf 86' lang='lat' dir='ltr'><strong>non</strong></span> <span class='ocrx_word' id='word_1_60' title='bbox 402 1339 501 1406; x_wconf 91' lang='lat' dir='ltr'><strong>modo</strong></span> <span class='ocrx_word' id='word_1_61' title='bbox 524 1340 562 1405; x_wconf 81' lang='lat' dir='ltr'><strong>&#39;in</strong></span> <span class='ocrx_word' id='word_1_62' title='bbox 585 1333 669 1404; x_wconf 76' lang='lat' dir='ltr'><strong>cdvo</strong></span> <span class='ocrx_word' id='word_1_63' title='bbox 700 1337 803 1403; x_wconf 84' lang='lat' dir='ltr'><strong>chorii</strong></span> <span class='ocrx_word' id='word_1_64' title='bbox 819 1357 940 1419; x_wconf 63' lang='lat' dir='ltr'><strong>esse,</strong></span> <span class='ocrx_word' id='word_1_65' title='bbox 957 1334 1020 1403; x_wconf 87' lang='lat' dir='ltr'><strong>sed</strong></span> <span class='ocrx_word' id='word_1_66' title='bbox 1048 1333 1145 1402; x_wconf 71' lang='lat' dir='ltr'><strong>etidru</strong></span> <span class='ocrx_word' id='word_1_67' title='bbox 1168 1336 1201 1398; x_wconf 89' lang='lat' dir='ltr'><strong>in</strong></span> <span class='ocrx_word' id='word_1_68' title='bbox 1221 1334 1413 1400; x_wconf 72' lang='lat' dir='ltr'><strong>interstitiis</strong></span> 
     </span>
    </p>
   </div>
   <div class='ocr_carea' id='block_1_3' title="bbox 207 1426 1413 1526">
    <p class='ocr_par' dir='ltr' id='par_1_3' title="bbox 207 1426 1413 1526">
     <span class='ocr_line' id='line_1_11' title="bbox 207 1426 1413 1526; baseline -0.005 -21"><span class='ocrx_word' id='word_1_69' title='bbox 207 1444 213 1452; x_wconf 83' lang='grc'><strong><em>’</em></strong></span> <span class='ocrx_word' id='word_1_70' title='bbox 312 1436 364 1518; x_wconf 69' lang='grc' dir='ltr'><strong>(ἐν</strong></span> <span class='ocrx_word' id='word_1_71' title='bbox 386 1439 433 1526; x_wconf 77' lang='grc' dir='ltr'><strong>τῷ</strong></span> <span class='ocrx_word' id='word_1_72' title='bbox 456 1426 558 1526; x_wconf 78' lang='grc' dir='ltr'><strong><em>πάχει</em></strong></span> <span class='ocrx_word' id='word_1_73' title='bbox 582 1439 646 1504; x_wconf 78' lang='lat' dir='ltr'><strong>uod</strong></span> <span class='ocrx_word' id='word_1_74' title='bbox 664 1434 796 1526; x_wconf 79' lang='grc' dir='ltr'><strong><em>χορίου)</em></strong></span> <span class='ocrx_word' id='word_1_75' title='bbox 819 1435 927 1522; x_wconf 81' lang='lat' dir='ltr'><strong>liujus.</strong></span> <span class='ocrx_word' id='word_1_76' title='bbox 943 1435 1166 1519; x_wconf 84' lang='lat' dir='ltr'><strong>membranae,</strong></span> <span class='ocrx_word' id='word_1_77' title='bbox 1186 1437 1233 1500; x_wconf 84' lang='lat' dir='ltr'><strong>ita</strong></span> <span class='ocrx_word' id='word_1_78' title='bbox 1255 1439 1293 1500; x_wconf 86' lang='lat' dir='ltr'><strong>ut</strong></span> <span class='ocrx_word' id='word_1_79' title='bbox 1311 1435 1413 1520; x_wconf 81' lang='lat' dir='ltr'><strong>quast</strong></span> 
     </span>
    </p>
   </div>
   <div class='ocr_carea' id='block_1_4' title="bbox 313 1531 1478 1644">
    <p class='ocr_par' dir='ltr' id='par_1_4' title="bbox 313 1531 1478 1644">
     <span class='ocr_line' id='line_1_12' title="bbox 313 1531 1478 1644; baseline 0.001 -40"><span class='ocrx_word' id='word_1_80' title='bbox 313 1537 446 1608; x_wconf 81' lang='lat' dir='ltr'><strong>fistulae</strong></span> <span class='ocrx_word' id='word_1_81' title='bbox 474 1538 627 1627; x_wconf 82' lang='lat' dir='ltr'><strong>duplices</strong></span> <span class='ocrx_word' id='word_1_82' title='bbox 644 1546 719 1606; x_wconf 83' lang='lat' dir='ltr'><strong>aut·</strong></span> <span class='ocrx_word' id='word_1_83' title='bbox 732 1537 884 1626; x_wconf 78' lang='lat' dir='ltr'><strong>triplices</strong></span> <span class='ocrx_word' id='word_1_84' title='bbox 903 1538 1110 1620; x_wconf 75' lang='lat' dir='ltr'><strong>formentur,</strong></span> <span class='ocrx_word' id='word_1_85' title='bbox 1128 1555 1188 1623; x_wconf 82' lang='lat' dir='ltr'><strong>per</strong></span> <span class='ocrx_word' id='word_1_86' title='bbox 1216 1531 1306 1644; x_wconf 77' lang='lat' dir='ltr'><strong>quas</strong></span> <span class='ocrx_word' id='word_1_87' title='bbox 1323 1553 1416 1621; x_wconf 77' lang='lat' dir='ltr'><strong>aqna</strong></span> <span class='ocrx_word' id='word_1_88' title='bbox 1475 1631 1478 1636; x_wconf 22' lang='grc' dir='ltr'>Ι</span> 
     </span>
    </p>
   </div>
   <div class='ocr_carea' id='block_1_5' title="bbox 88 1628 748 1706">
    <p class='ocr_par' dir='ltr' id='par_1_5' title="bbox 88 1628 748 1706">
     <span class='ocr_line' id='line_1_13' title="bbox 88 1628 748 1706; baseline 0.006 -4"><span class='ocrx_word' id='word_1_89' title='bbox 88 1668 101 1682; x_wconf 64' lang='lat'><em>2</em></span> <span class='ocrx_word' id='word_1_90' title='bbox 225 1643 227 1648; x_wconf 86' lang='lat'>&#39;</span> <span class='ocrx_word' id='word_1_91' title='bbox 258 1628 264 1636; x_wconf 84' lang='grc'>’</span> <span class='ocrx_word' id='word_1_92' title='bbox 313 1637 403 1706; x_wconf 87' lang='lat' dir='ltr'><strong>iluat.</strong></span> <span class='ocrx_word' id='word_1_93' title='bbox 746 1655 748 1660; x_wconf 79' lang='grc'>’</span> 
     </span>
    </p>
   </div>
   <div class='ocr_carea' id='block_1_6' title="bbox 757 1772 978 1796">
    <p class='ocr_par' dir='ltr' id='par_1_6' title="bbox 757 1772 978 1796">
     <span class='ocr_line' id='line_1_14' title="bbox 757 1772 978 1796; baseline -0.005 0"><span class='ocrx_word' id='word_1_94' title='bbox 757 1785 960 1796; x_wconf 58' lang='lat' dir='ltr'><strong>m·</strong></span> <span class='ocrx_word' id='word_1_95' title='bbox 974 1772 978 1780; x_wconf 62' lang='grc'><strong>’</strong></span> 
     </span>
    </p>
   </div>
   <div class='ocr_carea' id='block_1_7' title="bbox 548 1865 1202 2010">
    <p class='ocr_par' dir='ltr' id='par_1_7' title="bbox 548 1865 1202 2010">
     <span class='ocr_line' id='line_1_15' title="bbox 548 1865 1202 2010; baseline -0.012 -22"><span class='ocrx_word' id='word_1_96' title='bbox 548 1865 705 1990; x_wconf 74' lang='lat' dir='ltr'><strong>cnPU&#39;r</strong></span> <span class='ocrx_word' id='word_1_97' title='bbox 726 1922 802 1990; x_wconf 81' lang='lat' dir='ltr'><strong>XV.</strong></span> <span class='ocrx_word' id='word_1_98' title='bbox 845 1926 898 1990; x_wconf 84' lang='lat' dir='ltr'><strong>Ile</strong></span> <span class='ocrx_word' id='word_1_99' title='bbox 925 1919 1202 2010; x_wconf 66' lang='lat' dir='ltr'><strong>cotyledonidus..</strong></span> 
     </span>
    </p>
   </div>
   <div class='ocr_carea' id='block_1_8' title="bbox 295 2048 1413 2638">
    <p class='ocr_par' dir='ltr' id='par_1_8' title="bbox 295 2048 1413 2638">
     <span class='ocr_line' id='line_1_16' title="bbox 402 2048 1412 2136; baseline 0 -17"><span class='ocrx_word' id='word_1_100' title='bbox 402 2048 499 2120; x_wconf 82' lang='lat' dir='ltr'><strong>Ostia</strong></span> <span class='ocrx_word' id='word_1_101' title='bbox 520 2067 679 2122; x_wconf 82' lang='lat' dir='ltr'><strong>venarum</strong></span> <span class='ocrx_word' id='word_1_102' title='bbox 699 2061 734 2123; x_wconf 87' lang='lat' dir='ltr'><strong>et</strong></span> <span class='ocrx_word' id='word_1_103' title='bbox 762 2058 953 2123; x_wconf 74' lang='lat' dir='ltr'><strong>arteriarum</strong></span> <span class='ocrx_word' id='word_1_104' title='bbox 973 2057 1008 2120; x_wconf 88' lang='lat' dir='ltr'><strong>in</strong></span> <span class='ocrx_word' id='word_1_105' title='bbox 1028 2055 1156 2118; x_wconf 84' lang='lat' dir='ltr'><strong>interna</strong></span> <span class='ocrx_word' id='word_1_106' title='bbox 1178 2051 1263 2116; x_wconf 84' lang='lat' dir='ltr'><strong>ut’eri</strong></span> <span class='ocrx_word' id='word_1_107' title='bbox 1284 2051 1412 2136; x_wconf 78' lang='lat' dir='ltr'><strong>prlrletc</strong></span> 
     </span>
     <span class='ocr_line' id='line_1_17' title="bbox 316 2151 1413 2252; baseline -0.001 -34"><span class='ocrx_word' id='word_1_108' title='bbox 316 2151 521 2220; x_wconf 81' lang='lat' dir='ltr'><strong>haerentium</strong></span> <span class='ocrx_word' id='word_1_109' title='bbox 543 2158 793 2223; x_wconf 86' lang='lat' dir='ltr'><strong>excrescentias</strong></span> <span class='ocrx_word' id='word_1_110' title='bbox 814 2154 998 2221; x_wconf 88' lang='lat' dir='ltr'><strong>nodulosas</strong></span> <span class='ocrx_word' id='word_1_111' title='bbox 1021 2151 1196 2233; x_wconf 73' lang='lat' dir='ltr'><strong>exhibere,</strong></span> <span class='ocrx_word' id='word_1_112' title='bbox 1214 2151 1311 2217; x_wconf 90' lang='lat' dir='ltr'><strong>nodis</strong></span> <span class='ocrx_word' id='word_1_113' title='bbox 1332 2151 1413 2252; x_wconf 68' lang='lat' dir='ltr'><strong>hoe·</strong></span> 
     </span>
     <span class='ocr_line' id='line_1_18' title="bbox 317 2250 1413 2334; baseline -0.001 -16"><span class='ocrx_word' id='word_1_114' title='bbox 317 2250 594 2320; x_wconf 84' lang='lat' dir='ltr'><strong>morrhoidalihns</strong></span> <span class='ocrx_word' id='word_1_115' title='bbox 629 2255 767 2320; x_wconf 86' lang='lat' dir='ltr'><strong>similes.</strong></span> <span class='ocrx_word' id='word_1_116' title='bbox 819 2254 913 2334; x_wconf 77' lang='lat' dir='ltr'><strong>Quas</strong></span> <span class='ocrx_word' id='word_1_117' title='bbox 943 2254 1194 2320; x_wconf 82' lang='lat' dir='ltr'><strong>excrescentias</strong></span> <span class='ocrx_word' id='word_1_118' title='bbox 1229 2250 1413 2317; x_wconf 86' lang='lat' dir='ltr'><strong>nodulosas</strong></span> 
     </span>
     <span class='ocr_line' id='line_1_19' title="bbox 317 2350 1411 2448; baseline -0.002 -29"><span class='ocrx_word' id='word_1_119' title='bbox 317 2350 538 2448; x_wconf 79' lang='lat' dir='ltr'><strong>cotyledones</strong></span> <span class='ocrx_word' id='word_1_120' title='bbox 559 2355 716 2418; x_wconf 86' lang='lat' dir='ltr'><strong>nominari</strong></span> <span class='ocrx_word' id='word_1_121' title='bbox 737 2357 853 2420; x_wconf 88' lang='lat' dir='ltr'><strong>noster</strong></span> <span class='ocrx_word' id='word_1_122' title='bbox 872 2351 954 2419; x_wconf 83' lang='lat' dir='ltr'><strong>uult.</strong></span> <span class='ocrx_word' id='word_1_123' title='bbox 997 2351 1170 2418; x_wconf 82' lang='lat' dir='ltr'><strong>Mulierum</strong></span> <span class='ocrx_word' id='word_1_124' title='bbox 1194 2350 1411 2439; x_wconf 74' lang='lat' dir='ltr'><strong>cotyledones</strong></span> 
     </span>
     <span class='ocr_line' id='line_1_20' title="bbox 300 2449 1412 2539; baseline 0.002 -23"><span class='ocrx_word' id='word_1_125' title='bbox 300 2449 418 2537; x_wconf 75' lang='lat' dir='ltr'><strong>,paulo</strong></span> <span class='ocrx_word' id='word_1_126' title='bbox 435 2454 582 2518; x_wconf 88' lang='lat' dir='ltr'><strong>minores</strong></span> <span class='ocrx_word' id='word_1_127' title='bbox 598 2473 688 2534; x_wconf 87' lang='lat' dir='ltr'><strong>esse,</strong></span> <span class='ocrx_word' id='word_1_128' title='bbox 711 2475 810 2539; x_wconf 84' lang='lat' dir='ltr'><strong>quam</strong></span> <span class='ocrx_word' id='word_1_129' title='bbox 825 2473 1009 2534; x_wconf 86' lang='lat' dir='ltr'><strong>caprarum,</strong></span> <span class='ocrx_word' id='word_1_130' title='bbox 1032 2457 1219 2534; x_wconf 79' lang='lat' dir='ltr'><strong>vaccarum,</strong></span> <span class='ocrx_word' id='word_1_131' title='bbox 1241 2471 1412 2518; x_wconf 87' lang='lat' dir='ltr'><strong>cervarum</strong></span> 
     </span>
     <span class='ocr_line' id='line_1_21' title="bbox 295 2547 1411 2638; baseline 0.004 -24"><span class='ocrx_word' id='word_1_132' title='bbox 295 2548 549 2638; x_wconf 78' lang='lat' dir='ltr'><strong>similiumque.</strong></span> <span class='ocrx_word' id='word_1_133' title='bbox 594 2551 825 2620; x_wconf 77' lang='lat' dir='ltr'><strong>Substantiam</strong></span> <span class='ocrx_word' id='word_1_134' title='bbox 856 2573 967 2619; x_wconf 87' lang='lat' dir='ltr'><strong>earum</strong></span> <span class='ocrx_word' id='word_1_135' title='bbox 988 2547 1171 2637; x_wconf 72' lang='lat' dir='ltr'><strong>sutrgosam¹</strong></span> <span class='ocrx_word' id='word_1_136' title='bbox 1185 2569 1276 2631; x_wconf 86' lang='lat' dir='ltr'><strong>esse,</strong></span> <span class='ocrx_word' id='word_1_137' title='bbox 1299 2573 1411 2618; x_wconf 89' lang='lat' dir='ltr'><strong>muco·</strong></span> 
     </span>
    </p>
   </div>
   <div class='ocr_carea' id='block_1_9' title="bbox 316 2647 1540 2736">
    <p class='ocr_par' dir='ltr' id='par_1_9' title="bbox 316 2647 1540 2736">
     <span class='ocr_line' id='line_1_22' title="bbox 316 2647 1540 2736; baseline 0.002 -20"><span class='ocrx_word' id='word_1_138' title='bbox 316 2667 409 2732; x_wconf 86' lang='lat' dir='ltr'><strong>sam,</strong></span> <span class='ocrx_word' id='word_1_139' title='bbox 440 2655 476 2716; x_wconf 88' lang='lat' dir='ltr'><strong>et</strong></span> <span class='ocrx_word' id='word_1_140' title='bbox 504 2650 615 2736; x_wconf 82' lang='lat' dir='ltr'><strong>quoad</strong></span> <span class='ocrx_word' id='word_1_141' title='bbox 640 2653 786 2720; x_wconf 72' lang='lat' dir='ltr'><strong>formum</strong></span> <span class='ocrx_word' id='word_1_142' title='bbox 811 2673 973 2720; x_wconf 78' lang='lat' dir='ltr'><strong>verrucae</strong></span> <span class='ocrx_word' id='word_1_143' title='bbox 1002 2649 1153 2717; x_wconf 84' lang='lat' dir='ltr'><strong>similem.</strong></span> <span class='ocrx_word' id='word_1_144' title='bbox 1198 2647 1346 2734; x_wconf 81' lang='lat' dir='ltr'><strong>Effloere</strong></span> <span class='ocrx_word' id='word_1_145' title='bbox 1368 2673 1413 2719; x_wconf 86' lang='lat' dir='ltr'><strong>ex</strong></span> <span class='ocrx_word' id='word_1_146' title='bbox 1539 2681 1540 2684; x_wconf 40' lang='lat'>¹</span> 
     </span>
    </p>
   </div>
   <div class='ocr_carea' id='block_1_10' title="bbox 315 2747 1414 3534">
    <p class='ocr_par' dir='ltr' id='par_1_10' title="bbox 315 2747 1414 3534">
     <span class='ocr_line' id='line_1_23' title="bbox 315 2747 1413 2839; baseline 0.005 -26"><span class='ocrx_word' id='word_1_147' title='bbox 315 2747 412 2814; x_wconf 86' lang='lat' dir='ltr'><strong>hisce</strong></span> <span class='ocrx_word' id='word_1_148' title='bbox 434 2747 690 2836; x_wconf 80' lang='lat' dir='ltr'><strong>cotyledonmus</strong></span> <span class='ocrx_word' id='word_1_149' title='bbox 718 2755 913 2838; x_wconf 88' lang='lat' dir='ltr'><strong>sanguinem</strong></span> <span class='ocrx_word' id='word_1_150' title='bbox 935 2749 1189 2832; x_wconf 84' lang='lat' dir='ltr'><strong>menstrualem,</strong></span> <span class='ocrx_word' id='word_1_151' title='bbox 1219 2751 1413 2839; x_wconf 79' lang='lat' dir='ltr'><strong>luctumque</strong></span> 
     </span>
     <span class='ocr_line' id='line_1_24' title="bbox 315 2848 1411 2937; baseline 0.005 -25"><span class='ocrx_word' id='word_1_152' title='bbox 315 2848 402 2933; x_wconf 85' lang='lat' dir='ltr'><strong>ipsis</strong></span> <span class='ocrx_word' id='word_1_153' title='bbox 422 2850 547 2916; x_wconf 83' lang='lat' dir='ltr'><strong>nutriri.</strong></span> <span class='ocrx_word' id='word_1_154' title='bbox 590 2849 733 2936; x_wconf 80' lang='lat' dir='ltr'><strong>Sperma</strong></span> <span class='ocrx_word' id='word_1_155' title='bbox 754 2851 847 2920; x_wconf 87' lang='lat' dir='ltr'><strong>virile</strong></span> <span class='ocrx_word' id='word_1_156' title='bbox 876 2849 1131 2937; x_wconf 88' lang='lat' dir='ltr'><strong>cotydelonibus</strong></span> <span class='ocrx_word' id='word_1_157' title='bbox 1152 2851 1291 2918; x_wconf 78' lang='lat' dir='ltr'><strong>adnasci</strong></span> <span class='ocrx_word' id='word_1_158' title='bbox 1313 2858 1348 2932; x_wconf 84' lang='lat' dir='ltr'><strong>et</strong></span> <span class='ocrx_word' id='word_1_159' title='bbox 1367 2851 1411 2918; x_wconf 82' lang='lat' dir='ltr'><strong>ab</strong></span> 
     </span>
     <span class='ocr_line' id='line_1_25' title="bbox 318 2948 1412 3048; baseline 0.002 -34"><span class='ocrx_word' id='word_1_160' title='bbox 318 2952 415 3014; x_wconf 86' lang='lat' dir='ltr'><strong>utero</strong></span> <span class='ocrx_word' id='word_1_161' title='bbox 447 2954 622 3019; x_wconf 85' lang='lat' dir='ltr'><strong>contracto</strong></span> <span class='ocrx_word' id='word_1_162' title='bbox 648 2955 836 3020; x_wconf 84' lang='lat' dir='ltr'><strong>arctissime</strong></span> <span class='ocrx_word' id='word_1_163' title='bbox 866 2948 1090 3020; x_wconf 82' lang='lat' dir='ltr'><strong>circumvolvi.</strong></span> <span class='ocrx_word' id='word_1_164' title='bbox 1132 2949 1166 3018; x_wconf 82' lang='grc' dir='ltr'><strong>Ε</strong></span> <span class='ocrx_word' id='word_1_165' title='bbox 1192 2949 1314 3048; x_wconf 74' lang='lat' dir='ltr'><strong>tinibus</strong></span> <span class='ocrx_word' id='word_1_166' title='bbox 1342 2948 1412 3017; x_wconf 91' lang='lat' dir='ltr'><strong>illo·</strong></span> 
     </span>
     <span class='ocr_line' id='line_1_26' title="bbox 318 3053 1412 3127; baseline 0.005 -15"><span class='ocrx_word' id='word_1_167' title='bbox 318 3067 390 3112; x_wconf 87' lang='lat' dir='ltr'><strong>rum</strong></span> <span class='ocrx_word' id='word_1_168' title='bbox 411 3067 568 3116; x_wconf 86' lang='lat' dir='ltr'><strong>vasorum</strong></span> <span class='ocrx_word' id='word_1_169' title='bbox 588 3071 676 3118; x_wconf 84' lang='lat' dir='ltr'><strong>nora</strong></span> <span class='ocrx_word' id='word_1_170' title='bbox 704 3053 838 3116; x_wconf 83' lang='lat' dir='ltr'><strong>formari</strong></span> <span class='ocrx_word' id='word_1_171' title='bbox 860 3070 959 3127; x_wconf 85' lang='lat' dir='ltr'><strong>vasa,</strong></span> <span class='ocrx_word' id='word_1_172' title='bbox 983 3054 1029 3116; x_wconf 88' lang='lat' dir='ltr'><strong>ita</strong></span> <span class='ocrx_word' id='word_1_173' title='bbox 1052 3057 1089 3116; x_wconf 89' lang='lat' dir='ltr'><strong>ut</strong></span> <span class='ocrx_word' id='word_1_174' title='bbox 1108 3070 1153 3116; x_wconf 86' lang='lat' dir='ltr'><strong>ex</strong></span> <span class='ocrx_word' id='word_1_175' title='bbox 1174 3053 1304 3117; x_wconf 89' lang='lat' dir='ltr'><strong>arteriis</strong></span> <span class='ocrx_word' id='word_1_176' title='bbox 1326 3057 1412 3117; x_wconf 86' lang='lat' dir='ltr'><strong>arta·</strong></span> 
     </span>
     <span class='ocr_line' id='line_1_27' title="bbox 317 3148 1414 3235; baseline 0.005 -24"><span class='ocrx_word' id='word_1_177' title='bbox 317 3148 387 3213; x_wconf 84' lang='lat' dir='ltr'><strong>riae</strong></span> <span class='ocrx_word' id='word_1_178' title='bbox 393 3193 405 3227; x_wconf 93' lang='lat'><strong>,</strong></span> <span class='ocrx_word' id='word_1_179' title='bbox 434 3152 572 3216; x_wconf 88' lang='lat' dir='ltr'><strong>evenis</strong></span> <span class='ocrx_word' id='word_1_180' title='bbox 598 3168 705 3218; x_wconf 84' lang='lat' dir='ltr'><strong>venae</strong></span> <span class='ocrx_word' id='word_1_181' title='bbox 726 3152 924 3231; x_wconf 84' lang='lat' dir='ltr'><strong>nascantur,</strong></span> <span class='ocrx_word' id='word_1_182' title='bbox 951 3169 1037 3235; x_wconf 87' lang='lat' dir='ltr'><strong>qnae</strong></span> <span class='ocrx_word' id='word_1_183' title='bbox 1059 3151 1144 3215; x_wconf 85' lang='lat' dir='ltr'><strong>inter</strong></span> <span class='ocrx_word' id='word_1_184' title='bbox 1165 3169 1204 3216; x_wconf 87' lang='lat' dir='ltr'><strong>se</strong></span> <span class='ocrx_word' id='word_1_185' title='bbox 1224 3150 1414 3217; x_wconf 86' lang='lat' dir='ltr'><strong>membrana</strong></span> 
     </span>
     <span class='ocr_line' id='line_1_28' title="bbox 319 3245 1413 3334; baseline 0.005 -23"><span class='ocrx_word' id='word_1_186' title='bbox 319 3245 464 3329; x_wconf 88' lang='lat' dir='ltr'><strong>(chorio)</strong></span> <span class='ocrx_word' id='word_1_187' title='bbox 482 3249 671 3334; x_wconf 83' lang='lat' dir='ltr'><strong>jungantur.</strong></span> <span class='ocrx_word' id='word_1_188' title='bbox 702 3247 841 3314; x_wconf 86' lang='lat' dir='ltr'><strong>Haeece</strong></span> <span class='ocrx_word' id='word_1_189' title='bbox 863 3268 945 3314; x_wconf 86' lang='lat' dir='ltr'><strong>vasa</strong></span> <span class='ocrx_word' id='word_1_190' title='bbox 969 3249 1124 3334; x_wconf 81' lang='lat' dir='ltr'><strong>conjungi</strong></span> <span class='ocrx_word' id='word_1_191' title='bbox 1146 3252 1180 3314; x_wconf 93' lang='lat' dir='ltr'><strong>in</strong></span> <span class='ocrx_word' id='word_1_192' title='bbox 1202 3250 1287 3316; x_wconf 85' lang='lat' dir='ltr'><strong>duas</strong></span> <span class='ocrx_word' id='word_1_193' title='bbox 1308 3270 1413 3316; x_wconf 86' lang='lat' dir='ltr'><strong>venae</strong></span> 
     </span>
     <span class='ocr_line' id='line_1_29' title="bbox 317 3331 1413 3434; baseline 0.005 -24"><span class='ocrx_word' id='word_1_194' title='bbox 317 3344 525 3434; x_wconf 86' lang='lat' dir='ltr'><strong>totidemque</strong></span> <span class='ocrx_word' id='word_1_195' title='bbox 553 3351 711 3428; x_wconf 85' lang='lat' dir='ltr'><strong>arterias,</strong></span> <span class='ocrx_word' id='word_1_196' title='bbox 748 3331 871 3433; x_wconf 85' lang='lat' dir='ltr'><strong>quih&#39;us</strong></span> <span class='ocrx_word' id='word_1_197' title='bbox 899 3347 1042 3415; x_wconf 86' lang='lat' dir='ltr'><strong>accedat</strong></span> <span class='ocrx_word' id='word_1_198' title='bbox 1068 3343 1226 3416; x_wconf 78' lang='lat' dir='ltr'><strong>urachus&#39;</strong></span> <span class='ocrx_word' id='word_1_199' title='bbox 1250 3371 1293 3418; x_wconf 86' lang='lat' dir='ltr'><strong>ex</strong></span> <span class='ocrx_word' id='word_1_200' title='bbox 1320 3351 1413 3416; x_wconf 81' lang='lat' dir='ltr'><strong>foetu</strong></span> 
     </span>
     <span class='ocr_line' id='line_1_30' title="bbox 317 3443 1413 3534; baseline 0.007 -24"><span class='ocrx_word' id='word_1_201' title='bbox 317 3443 488 3530; x_wconf 64' lang='lat' dir='ltr'><strong>podiens,</strong></span> <span class='ocrx_word' id='word_1_202' title='bbox 527 3445 625 3516; x_wconf 81' lang='lat' dir='ltr'><strong>llaec</strong></span> <span class='ocrx_word' id='word_1_203' title='bbox 652 3448 799 3534; x_wconf 86' lang='lat' dir='ltr'><strong>quinquo</strong></span> <span class='ocrx_word' id='word_1_204' title='bbox 813 3467 904 3518; x_wconf 20' lang='lat' dir='ltr'><strong>*vasa</strong></span> <span class='ocrx_word' id='word_1_205' title='bbox 926 3448 1121 3516; x_wconf 81' lang='lat' dir='ltr'><strong>circumdari</strong></span> <span class='ocrx_word' id='word_1_206' title='bbox 1138 3448 1347 3534; x_wconf 81' lang='lat' dir='ltr'><strong>membrana,</strong></span> <span class='ocrx_word' id='word_1_207' title='bbox 1378 3455 1413 3518; x_wconf 85' lang='lat' dir='ltr'><strong>et</strong></span> 
     </span>
    </p>
   </div>
   <div class='ocr_carea' id='block_1_11' title="bbox 316 3729 1447 4576">
    <p class='ocr_par' dir='ltr' id='par_1_11' title="bbox 316 3729 1447 4240">
     <span class='ocr_line' id='line_1_31' title="bbox 403 3729 1413 3820; baseline 0.004 -28"><span class='ocrx_word' id='word_1_208' title='bbox 403 3729 437 3793; x_wconf 84' lang='lat'><strong>1.</strong></span> <span class='ocrx_word' id='word_1_209' title='bbox 480 3729 666 3796; x_wconf 80' lang='lat' dir='ltr'><strong>Mirandum</strong></span> <span class='ocrx_word' id='word_1_210' title='bbox 682 3751 761 3794; x_wconf 80' lang='lat' dir='ltr'><strong>sane</strong></span> <span class='ocrx_word' id='word_1_211' title='bbox 776 3740 836 3813; x_wconf 84' lang='lat' dir='ltr'><strong>esi,</strong></span> <span class='ocrx_word' id='word_1_212' title='bbox 859 3730 948 3818; x_wconf 86' lang='lat' dir='ltr'><strong>qnod</strong></span> <span class='ocrx_word' id='word_1_213' title='bbox 963 3729 1127 3797; x_wconf 85' lang='lat' dir='ltr'><strong>Haeseros</strong></span> <span class='ocrx_word' id='word_1_214' title='bbox 1138 3733 1205 3797; x_wconf 82' lang='lat' dir='ltr'><strong>lroc</strong></span> <span class='ocrx_word' id='word_1_215' title='bbox 1219 3733 1293 3798; x_wconf 87' lang='lat' dir='ltr'><strong>locs</strong></span> <span class='ocrx_word' id='word_1_216' title='bbox 1309 3732 1413 3820; x_wconf 79' lang='lat' dir='ltr'><strong>signi·</strong></span> 
     </span>
     <span class='ocr_line' id='line_1_32' title="bbox 318 3807 1447 3896; baseline 0.004 -19"><span class='ocrx_word' id='word_1_217' title='bbox 318 3811 505 3877; x_wconf 77' lang='lat' dir='ltr'><strong>ficationem</strong></span> <span class='ocrx_word' id='word_1_218' title='bbox 529 3813 619 3879; x_wconf 83' lang='lat' dir='ltr'><strong>vocis</strong></span> <span class='ocrx_word' id='word_1_219' title='bbox 642 3807 879 3896; x_wconf 78' lang='lat' dir='ltr'><strong>„duuedicor“</strong></span> <span class='ocrx_word' id='word_1_220' title='bbox 901 3815 1038 3880; x_wconf 84' lang='lat' dir='ltr'><strong>omnino</strong></span> <span class='ocrx_word' id='word_1_221' title='bbox 1067 3840 1135 3882; x_wconf 82' lang='lat' dir='ltr'><strong>uon</strong></span> <span class='ocrx_word' id='word_1_222' title='bbox 1166 3817 1263 3881; x_wconf 81' lang='lat' dir='ltr'><strong>luerit</strong></span> <span class='ocrx_word' id='word_1_223' title='bbox 1284 3838 1411 3882; x_wconf 78' lang='lat' dir='ltr'><strong>essecu-</strong></span> <span class='ocrx_word' id='word_1_224' title='bbox 1436 3831 1447 3846; x_wconf 90' lang='grc'>·</span> 
     </span>
     <span class='ocr_line' id='line_1_33' title="bbox 317 3887 1411 4003; baseline 0.004 -43"><span class='ocrx_word' id='word_1_225' title='bbox 317 3907 373 3960; x_wconf 84' lang='lat' dir='ltr'><strong>lus</strong></span> <span class='ocrx_word' id='word_1_226' title='bbox 394 3919 533 3985; x_wconf 82' lang='lat' dir='ltr'><strong>eamque</strong></span> <span class='ocrx_word' id='word_1_227' title='bbox 554 3918 628 3962; x_wconf 84' lang='lat' dir='ltr'><strong>eum</strong></span> <span class='ocrx_word' id='word_1_228' title='bbox 651 3919 731 3962; x_wconf 81' lang='lat' dir='ltr'><strong>voce</strong></span> <span class='ocrx_word' id='word_1_229' title='bbox 754 3887 971 3982; x_wconf 77' lang='lat' dir='ltr'><strong>„ddnvudoo“</strong></span> <span class='ocrx_word' id='word_1_230' title='bbox 995 3901 1192 3978; x_wconf 76' lang='lat' dir='ltr'><strong>confuderit,</strong></span> <span class='ocrx_word' id='word_1_231' title='bbox 1217 3923 1411 4003; x_wconf 80' lang='lat' dir='ltr'><strong>quamquam</strong></span> 
     </span>
     <span class='ocr_line' id='line_1_34' title="bbox 318 3980 1411 4074; baseline 0.007 -33"><span class='ocrx_word' id='word_1_232' title='bbox 318 3980 385 4043; x_wconf 78' lang='lat' dir='ltr'><strong>ello</strong></span> <span class='ocrx_word' id='word_1_233' title='bbox 408 3981 506 4048; x_wconf 81' lang='lat' dir='ltr'><strong>etiam</strong></span> <span class='ocrx_word' id='word_1_234' title='bbox 529 3982 606 4049; x_wconf 88' lang='lat' dir='ltr'><strong>loco</strong></span> <span class='ocrx_word' id='word_1_235' title='bbox 628 3983 743 4047; x_wconf 87' lang='lat' dir='ltr'><strong>eodem</strong></span> <span class='ocrx_word' id='word_1_236' title='bbox 774 3985 874 4049; x_wconf 85' lang='lat' dir='ltr'><strong>ulitur</strong></span> <span class='ocrx_word' id='word_1_237' title='bbox 902 3985 1005 4050; x_wconf 86' lang='lat' dir='ltr'><strong>verbo</strong></span> <span class='ocrx_word' id='word_1_238' title='bbox 1029 3986 1176 4050; x_wconf 83' lang='lat' dir='ltr'><strong>Serenus</strong></span> <span class='ocrx_word' id='word_1_239' title='bbox 1199 3986 1285 4050; x_wconf 88' lang='lat' dir='ltr'><strong>idem</strong></span> <span class='ocrx_word' id='word_1_240' title='bbox 1309 3986 1411 4074; x_wconf 80' lang='lat' dir='ltr'><strong>signi·</strong></span> 
     </span>
     <span class='ocr_line' id='line_1_35' title="bbox 317 4061 1409 4164; baseline 0.008 -38"><span class='ocrx_word' id='word_1_241' title='bbox 317 4061 443 4128; x_wconf 80' lang='lat' dir='ltr'><strong>ficante.</strong></span> <span class='ocrx_word' id='word_1_242' title='bbox 465 4065 563 4131; x_wconf 81' lang='lat' dir='ltr'><strong>Conl.</strong></span> <span class='ocrx_word' id='word_1_243' title='bbox 587 4090 620 4154; x_wconf 85' lang='lat' dir='ltr'><strong>p.</strong></span> <span class='ocrx_word' id='word_1_244' title='bbox 637 4067 678 4130; x_wconf 75' lang='lat'><strong>15</strong></span> <span class='ocrx_word' id='word_1_245' title='bbox 684 4067 787 4164; x_wconf 63' lang='lat' dir='ltr'><strong>prim.</strong></span> <span class='ocrx_word' id='word_1_246' title='bbox 815 4067 874 4135; x_wconf 86' lang='lat' dir='ltr'><strong>liu.</strong></span> <span class='ocrx_word' id='word_1_247' title='bbox 897 4090 989 4156; x_wconf 84' lang='lat' dir='ltr'><strong>supr.</strong></span> <span class='ocrx_word' id='word_1_248' title='bbox 1015 4067 1210 4145; x_wconf 53' lang='lat' dir='ltr'><strong>,desinemus</strong></span> <span class='ocrx_word' id='word_1_249' title='bbox 1232 4066 1269 4134; x_wconf 72' lang='lat' dir='ltr'><strong>dl</strong></span> <span class='ocrx_word' id='word_1_250' title='bbox 1292 4067 1326 4153; x_wconf 90' lang='lat' dir='ltr'><strong>(d</strong></span> <span class='ocrx_word' id='word_1_251' title='bbox 1352 4091 1409 4156; x_wconf 79' lang='lat' dir='ltr'><strong>yv-</strong></span> 
     </span>
     <span class='ocr_line' id='line_1_36' title="bbox 316 4143 1370 4240; baseline 0.006 -28"><span class='ocrx_word' id='word_1_252' title='bbox 316 4158 467 4220; x_wconf 70' lang='lat' dir='ltr'><strong>oursaior</strong></span> <span class='ocrx_word' id='word_1_253' title='bbox 487 4143 627 4230; x_wconf 72' lang='grc' dir='ltr'><strong>κόλπος)</strong></span> <span class='ocrx_word' id='word_1_254' title='bbox 650 4170 696 4234; x_wconf 80' lang='grc' dir='ltr'><strong>τῳ</strong></span> <span class='ocrx_word' id='word_1_255' title='bbox 720 4147 889 4238; x_wconf 77' lang='grc' dir='ltr'><strong><em>δακτυλίῳ</em></strong></span> <span class='ocrx_word' id='word_1_256' title='bbox 911 4151 970 4216; x_wconf 78' lang='grc' dir='ltr'><strong>καὶ</strong></span> <span class='ocrx_word' id='word_1_257' title='bbox 992 4151 1039 4238; x_wconf 80' lang='grc' dir='ltr'><strong>τῷ</strong></span> <span class='ocrx_word' id='word_1_258' title='bbox 1065 4153 1247 4240; x_wconf 74' lang='grc' dir='ltr'><strong><em>σφιγκτῆρι</em></strong></span> <span class='ocrx_word' id='word_1_259' title='bbox 1270 4158 1370 4236; x_wconf 83' lang='lat' dir='ltr'><strong>etc.“¹</strong></span> 
     </span>
    </p>

    <p class='ocr_par' dir='ltr' id='par_1_12' title="bbox 318 4231 1411 4576">
     <span class='ocr_line' id='line_1_37' title="bbox 401 4231 1410 4325; baseline 0.003 -28"><span class='ocrx_word' id='word_1_260' title='bbox 401 4231 436 4297; x_wconf 70' lang='lat'><strong>2.</strong></span> <span class='ocrx_word' id='word_1_261' title='bbox 478 4231 575 4298; x_wconf 83' lang='lat' dir='ltr'><strong>Cous.</strong></span> <span class='ocrx_word' id='word_1_262' title='bbox 590 4231 765 4298; x_wconf 81' lang='lat' dir='ltr'><strong>Moschion</strong></span> <span class='ocrx_word' id='word_1_263' title='bbox 781 4258 853 4322; x_wconf 78' lang='lat' dir='ltr'><strong>esp.</strong></span> <span class='ocrx_word' id='word_1_264' title='bbox 869 4236 927 4300; x_wconf 68' lang='lat'><strong>42.</strong></span> <span class='ocrx_word' id='word_1_265' title='bbox 953 4260 985 4325; x_wconf 84' lang='lat' dir='ltr'><strong>p.</strong></span> <span class='ocrx_word' id='word_1_266' title='bbox 1001 4238 1080 4305; x_wconf 72' lang='lat' dir='ltr'><strong>lau.</strong></span> <span class='ocrx_word' id='word_1_267' title='bbox 1105 4238 1262 4320; x_wconf 78' lang='lat' dir='ltr'><strong>„Tunica</strong></span> <span class='ocrx_word' id='word_1_268' title='bbox 1280 4236 1410 4320; x_wconf 81' lang='lat' dir='ltr'><strong>(amuli)</strong></span> 
     </span>
     <span class='ocr_line' id='line_1_38' title="bbox 318 4317 1411 4417; baseline 0.005 -39"><span class='ocrx_word' id='word_1_269' title='bbox 318 4323 423 4380; x_wconf 85' lang='lat' dir='ltr'><strong>totum</strong></span> <span class='ocrx_word' id='word_1_270' title='bbox 447 4337 570 4417; x_wconf 71' lang='lat' dir='ltr'><strong>corpus</strong></span> <span class='ocrx_word' id='word_1_271' title='bbox 597 4317 818 4407; x_wconf 82' lang='lat' dir='ltr'><strong>circumplexo</strong></span> <span class='ocrx_word' id='word_1_272' title='bbox 845 4330 876 4383; x_wconf 89' lang='lat' dir='ltr'><strong>et</strong></span> <span class='ocrx_word' id='word_1_273' title='bbox 902 4319 1098 4397; x_wconf 82' lang='lat' dir='ltr'><strong>adhaerens,</strong></span> <span class='ocrx_word' id='word_1_274' title='bbox 1130 4344 1213 4409; x_wconf 85' lang='lat' dir='ltr'><strong>quae</strong></span> <span class='ocrx_word' id='word_1_275' title='bbox 1242 4321 1411 4386; x_wconf 78' lang='lat' dir='ltr'><strong>licet-ire·</strong></span> 
     </span>
     <span class='ocr_line' id='line_1_39' title="bbox 319 4399 1411 4494; baseline 0.008 -34"><span class='ocrx_word' id='word_1_276' title='bbox 319 4399 475 4486; x_wconf 79' lang='lat' dir='ltr'><strong>quantine</strong></span> <span class='ocrx_word' id='word_1_277' title='bbox 503 4411 593 4466; x_wconf 84' lang='lat' dir='ltr'><strong>rntus</strong></span> <span class='ocrx_word' id='word_1_278' title='bbox 614 4400 741 4488; x_wconf 83' lang='lat' dir='ltr'><strong>integra</strong></span> <span class='ocrx_word' id='word_1_279' title='bbox 764 4403 938 4481; x_wconf 69' lang='lat' dir='ltr'><strong>trahentur,</strong></span> <span class='ocrx_word' id='word_1_280' title='bbox 961 4404 1139 4494; x_wconf 73' lang='lat' dir='ltr'><strong>aliquando</strong></span> <span class='ocrx_word' id='word_1_281' title='bbox 1160 4415 1271 4472; x_wconf 80' lang='lat' dir='ltr'><strong>temen</strong></span> <span class='ocrx_word' id='word_1_282' title='bbox 1293 4425 1411 4472; x_wconf 85' lang='lat' dir='ltr'><strong>consu·</strong></span> 
     </span>
     <span class='ocr_line' id='line_1_40' title="bbox 320 4482 1207 4576; baseline 0.007 -26"><span class='ocrx_word' id='word_1_283' title='bbox 320 4482 435 4571; x_wconf 83' lang='lat' dir='ltr'><strong>mitur,</strong></span> <span class='ocrx_word' id='word_1_284' title='bbox 453 4485 497 4553; x_wconf 82' lang='lat' dir='ltr'><strong>its</strong></span> <span class='ocrx_word' id='word_1_285' title='bbox 519 4498 556 4554; x_wconf 86' lang='lat' dir='ltr'><strong>ut</strong></span> <span class='ocrx_word' id='word_1_286' title='bbox 577 4507 644 4552; x_wconf 85' lang='lat' dir='ltr'><strong>non</strong></span> <span class='ocrx_word' id='word_1_287' title='bbox 666 4509 726 4574; x_wconf 79' lang='lat' dir='ltr'><strong>[rer</strong></span> <span class='ocrx_word' id='word_1_288' title='bbox 747 4497 852 4552; x_wconf 89' lang='lat' dir='ltr'><strong>totum</strong></span> <span class='ocrx_word' id='word_1_289' title='bbox 873 4507 992 4575; x_wconf 84' lang='lat' dir='ltr'><strong>corpus</strong></span> <span class='ocrx_word' id='word_1_290' title='bbox 1014 4491 1207 4576; x_wconf 78' lang='lat' dir='ltr'><strong>appareat.“</strong></span> 
     </span>
    </p>
   </div>
   <div class='ocr_carea' id='block_1_12' title="bbox 0 0 1560 5070">
    <p class='ocr_par' dir='ltr' id='par_1_13' title="bbox 0 0 1560 5070">
     <span class='ocr_line' id='line_1_41' title="bbox 0 0 1560 5070; baseline 0 0"><span class='ocrx_word' id='word_1_291' title='bbox 0 0 1560 5070; x_wconf 95' lang='lat' dir='ltr'><strong> </strong></span> 
     </span>
    </p>
   </div>
  </div>
 </body>
</html>
